2818 4704
316 309 375 373 tto
701 309 841 370 Cornelii
858 309 992 389 Nepotis

315 471 456 530 terarum
487 459 592 528 minus
623 455 733 528 lucide
764 471 921 550 appareat
938 471 1083 552 quantus
1114 459 1208 528 fuerit
1235 459 1284 528 illa
1305 462 1344 529 vir.

313 566 424 653 ltaq'ua
445 562 573 651 utrique
601 561 648 629 rei
675 582 844 632 occurram
871 577 1024 654 quenmm
1049 575 1187 653 potuero
1208 574 1240 630 et
1258 563 1345 632 mede·

279 665 376 734 ahor
401 687 477 734 cum
503 665 639 734 satietati
667 674 734 732 tum
761 665 959 755 ignorantiae
984 666 1149 736 tectorum
1191 663 1344 732 Phoebidas

212 767 239 856 ζ·
249 766 296 860 ³2¹}-
312 768 589 837 Lacedaemonius
610 787 685 836 cum
706 769 883 836 exercitum
897 769 1072 862 Olynthum
1091 767 1228 836 duceret
1246 769 1343 855 iterque

312 893 374 962 per
395 871 523 940 'lhebas
543 869 680 952 iaceret,
708 890 819 940 arcem
844 871 969 960 oppidi,
995 893 1082 960 quae
1105 869 1246 938 Cadmea
1267 869 1344 936 uoui-

311 974 419 1054 natur,'
434 973 606 1061 occupavit
625 972 765 1060 impulsu
785 995 962 1061 paucorum
984 973 1218 1053 Thebanorum,
1238 971 1285 1061 qui
1302 968 1342 1037 ad·

311 1078 476 1145 versariae
497 1074 626 1142 factioni
649 1095 715 1164 quo
736 1074 859 1144 facilius
879 1077 1068 1144 resisterent
1088 1078 1250 1143 Laeonum
1267 1071 1341 1138 rebus

311 1178 499 1257 studebant,
525 1175 625 1266 idque
646 1197 707 1244 suo
728 1178 866 1266 privato,
892 1199 957 1246 non
977 1176 1109 1268 publico
1136 1177 1212 1246 lecit
1230 1174 1340 1243 consilio.

277 1282 384 1360 aQuo
417 1281 503 1348 lacto
537 1299 613 1350 cum
639 1279 888 1350 Lacedaemonii
917 1280 960 1350 ab
994 1280 1139 1350 exercitu
1168 1283 1342 1348 removerunt

310 1382 515 1473 pecuniaque
541 1380 713 1449 multarunt
736 1405 846 1474 nequa
873 1405 914 1452 eo
946 1382 1049 1472 magis
1075 1403 1188 1450 arcem
1213 1377 1340 1448 Thebanis

309 1484 534 1565 reddiderunt,
564 1482 654 1574 quod
686 1490 847 1576 susceptis
877 1487 1046 1556 inimicitiis
1080 1485 1181 1554 satius
1209 1479 1339 1550 ducebant

311 1609 371 1658 cos
397 1587 554 1668 obsideri,
581 1608 679 1677 quam
703 1586 842 1658 liberari.
887 1590 969 1658 Nam
1000 1601 1077 1679 post
1102 1582 1338 1677 Peloponnesium

308 1689 431 1760 bellum
451 1691 657 1780 Athenasque
679 1688 823 1760 devictas
844 1711 919 1760 enm
938 1691 1098 1760 Thebanis
1121 1691 1184 1760 sihi
1203 1709 1267 1757 rem
1284 1702 1338 1751 essa

310 1793 533 1862 existimabant
556 1803 590 1863 et
617 1815 676 1863 eos
704 1813 781 1866 csse
807 1793 910 1874 solos,
943 1795 998 1884 qui
1026 1793 1185 1863 adversus
1215 1787 1337 1858 resistere

275 1895 474 1964 laudarent
515 1897 584 1965 Hac
606 1907 714 1965 mente
736 1896 847 1966 amicis
868 1897 935 1964 suis
956 1919 1098 1966 summas
1120 1903 1286 1988 potestates
1297 1885 1336 1952 dt·

284 2025 288 2034 ·
309 1997 424 2066 derunt
444 1997 640 2087 alteriusque
661 1999 807 2068 samonis
827 1999 990 2094 principes
1010 2001 1127 2090 partim
1148 1994 1336 2068 interfecerant

308 2098 389 2168 alios
418 2100 450 2168 in
470 2099 619 2171 exsilium
641 2103 820 2193 eiecerunt,
845 2103 877 2171 in
899 2103 1016 2193 quibus
1038 2101 1210 2194 Pelopidas
1229 2096 1285 2173 hia.
1306 2087 1334 2154 di

309 2223 375 2293 quc
394 2202 541 2272 seribere
563 2205 669 2274 exorsi
689 2226 809 2286 sumus,
830 2203 942 2295 pulsus
962 2205 1066 2294 patria
1086 2204 1225 2273 carebat

275 2323 291 2378 1
393 2305 469 2396 Cap.
490 2307 525 2374 ll.
567 2308 606 2376 lli
627 2329 741 2377 omnes
767 2307 836 2376 lara
856 2307 997 2376 Athenas
1023 2328 1062 2376 se
1084 2307 1273 2377 contulerant
1288 2313 1334 2363 nou

308 2427 373 2496 quto
395 2419 612 2500 sequerentur
632 2411 739 2490 otium,
760 2408 822 2478 sed
844 2420 887 2490 ut,
908 2432 1006 2500 quem
1027 2432 1070 2478 ex
1091 2411 1234 2500 proximo
1252 2404 1334 2470 locum

273 2511 373 2588 alors
395 2510 572 2594 obtulisset,
593 2534 635 2582 eo
655 2514 791 2605 patriam
812 2534 1010 2604 recuperare
1030 2515 1211 2583 niterentur.
1250 2508 1333 2591 ltaque

307 2699 511 2726 -ὑ--ι-ιυ-ί

373 2831 401 2904 β.
419 2837 446 2891 2·
479 2835 637 2894 Phoebados.
666 2837 758 2892 Dum:
775 2837 918 2892 Ptettdaa.
935 2867 968 2878 -
987 2836 1113 2890 Cadmea.
1131 2837 1215 2890 Voss.
1232 2827 1266 2883 A?
1281 2815 1332 2874 Μ·

304 2925 362 2972 mat.
379 2948 414 2961 -
430 2919 485 2975 Ed.
503 2920 612 2994 beuga
637 2923 772 2976 caumata.
794 2953 828 2964 —
852 2924 965 2996 apaan
989 2921 1088 2976 Boeel.
1105 2922 1192 2976 Voss.
1211 2917 1243 2969 B:
1265 2899 1332 2976 ampul-

302 3022 366 3057 aum.
383 3033 417 3046 -
432 3023 583 3077 percorum.
613 3008 663 3060 Sic
681 3007 734 3060 (iu.
753 3005 853 3060 Bocel.
872 3008 928 3060 Ax.
946 3006 1033 3060 Voss.
1052 3007 1086 3059 Α.
1104 3037 1138 3049 -
1166 3004 1217 3060 Ed.
1234 2985 1331 3051 Uituli

302 3088 409 3162 vulgo:
419 3108 618 3161 perpaucorum.
634 3121 670 3133 -
685 3110 731 3144 auo
742 3098 859 3162 priuato.
877 3091 960 3146 Voss.
979 3089 1017 3142 B:
1034 3109 1097 3143 auae
1107 3097 1237 3162 peotes.

372 3173 399 3242 §-
417 3178 445 3232 3.
480 3174 703 3246 Peloponnesium.
737 3175 813 3230 Dan.
832 3175 916 3232 Voss.
934 3177 969 3229 Α.
989 3175 1071 3229 held.
1089 3179 1120 3230 2:
1141 3161 1331 3241 peloponesum

371 3257 397 3326 §-
415 3261 442 3314 4.
476 3278 587 3312 summas
597 3267 751 3331 potestates.
787 3260 887 3314 Bocel.
905 3261 962 3314 Ax.
981 3260 1067 3314 Voss.
1085 3259 1123 3312 B:
1153 3247 1331 3314 aummffll'm'

300 3346 403 3392 steten.
420 3371 454 3383 -
477 3344 640 3414 ubertasque.
663 3343 711 3396 Sic
734 3343 810 3400 Dau.
835 3345 888 3400 Gu.
914 3343 1014 3398 Boeel.
1033 3344 1089 3396 Ax.
1108 3343 1189 3397 Leid.
1205 3343 1230 3394 2·
1245 3358 1274 3373 ·’
1292 3317 1329 3376 ¹³³·

302 3422 377 3478 Uitr.
402 3439 466 3480 cum
489 3427 622 3484 omuibus
644 3433 713 3483 auto
735 3427 805 3484 Bos.
828 3428 902 3484 ΕΜ.
926 3447 975 3502 que
997 3444 1054 3482 om.
1077 3456 1113 3470 —
1137 3421 1246 3480 carata.
1264 3409 1329 3464 vae

301 3510 338 3564 A.
357 3523 413 3562 om.

415 3594 419 3604 ¹
764 3595 835 3668 Gap.
858 3597 899 3652 ll.

370 3677 396 3749 §-
416 3681 441 3735 l.
475 3679 643 3734 contulerant.
677 3681 763 3736 Voss.
783 3683 822 3736 A:
840 3683 1006 3736 coardeant.
1024 3711 1057 3724 -·
1074 3699 1124 3734 nou
1141 3697 1197 3754 quo.
1214 3670 1256 3726 Sic
1271 3661 1327 3716 ΠΜ·

302 3763 355 3817 au.
374 3763 506 3818 manuos.
524 3766 582 3818 ax.
602 3764 700 3838 [voss.
718 3763 784 3838 uu]
804 3766 856 3820 aa.
873 3765 949 3820 urar.
967 3795 1002 3808 -
1020 3766 1104 3821 uass.
1115 3767 1151 3820 u.
1171 3755 1274 3816 uerunt
1288 3737 1327 3796 El·

301 3849 368 3904 ΔΜ.
380 3848 476 3922 Long.
488 3849 587 3904 hamb.
607 3851 660 3904 aL:
678 3870 728 3903 non
744 3859 785 3904 ut.
803 3881 834 3892 -
852 3870 925 3924 quem
941 3870 975 3904 ω
985 3857 1110 3922 proximo
1127 3851 1213 3902 lom.
1229 3837 1271 3892 85⁶
1285 3836 1327 3896 ⁰3⁰

301 3935 509 4004 corrigendum
524 3936 634 4008 putavi.
654 3965 684 3976 -
709 3936 823 3990 hamb:
848 3955 1016 4010 quancunque
1031 3955 1065 3988 aa
1077 3942 1199 4007 proximo
1215 3926 1291 3979 ΙΝ·
1304 3934 1326 3950 “’

300 4015 415 4089 Vulgo:
433 4038 583 4094 quemque
600 4041 633 4074 ex
643 4039 689 4093 pr.
707 4022 756 4074 loe.
773 4050 807 4062 -
815 4017 892 4090 sura.
910 4019 994 4074 Voss.
1015 4019 1053 4073 B:
1071 4039 1138 4074 sora.

369 4100 394 4168 ᾗ.
414 4106 440 4156 2·
476 4119 530 4156 cum
548 4111 589 4158 lis.
615 4105 728 4178 Vulgo:
747 4126 802 4158 euru
819 4105 867 4160 dis.
885 4136 917 4146 -
935 4105 1094 4178 delegerunt.
1112 4104 1194 4158 Voss.
1212 4094 1246 4148 Bi
1261 4085 1328 4152 “ig‘'
1366 4101 1367 4124 ¹

300 4189 368 4234 wat.
384 4213 418 4227 ·-
442 4204 496 4238 euru
519 4206 577 4259 quo.
603 4189 703 4246 Boeel.
723 4191 808 4246 Voss.
825 4190 864 4244 B:
887 4209 942 4243 cum
959 4208 1065 4262 quoque.
1090 4219 1124 4232 -
1145 4189 1212 4242 Am:
1233 4163 1327 4252 91θὼιῦ
1366 4139 1367 4159 ¹
