2818 4704
460 308 546 370 XVI.
588 307 767 388 Pelopidae.
1086 311 1142 376 171

78 479 157 526 cum
183 465 312 544 tempus
339 468 390 524 est
414 459 518 528 visum
544 458 593 528 rei
620 457 805 549 gerendae,
836 461 1047 530 communiter
1068 483 1144 534 cum

77 561 126 639 iis,
150 557 207 648 qui
229 558 347 626 Thebis
368 559 456 628 idem
477 559 673 640 sentiebant,
701 561 788 629 diem
809 560 1000 652 delegerunt
1020 565 1063 634 ad
1084 565 1143 636 ini·
1250 629 1254 638 .

77 663 184 730 mices
211 661 443 750 opprimendos
472 663 696 752 civitatemque
722 663 922 733 liberandam
950 687 1043 745 eum,
1076 689 1142 758 quc

77 764 212 834 maximi
242 765 445 854 magistratus
475 765 570 832 simul
600 776 795 833 consuerant
826 767 957 854 epulari.
1010 771 1176 859 Magnae3

78 889 184 956 saepe
212 887 267 935 res
293 889 358 934 ncn
384 869 428 936 ita
452 868 575 958 maguis
604 867 706 956 copiis
731 879 806 936 sunt
832 881 959 958 gestae,
986 869 1047 936 sed
1068 891 1145 958 prc-

78 973 165 1040 iectc
187 992 363 1058 numquam
385 971 426 1040 ab
447 983 513 1039 tam
533 971 620 1038 tenui
641 971 727 1038 initio
750 981 857 1040 mutae
870 993 953 1061 opes
974 982 1049 1039 suut
1068 993 1145 1060 pro-

78 1073 218 1163 fligatae.
260 1073 346 1143 Nam
377 1071 551 1142 duodecim
580 1072 813 1142 adolescentuli
846 1075 992 1144 coierunt
1019 1095 1061 1143 ex
1085 1074 1144 1154 his,
1246 1103 1249 1109 ¹

80 1179 135 1267 qui
158 1174 272 1244 exsilic
295 1185 386 1244 erant
406 1171 534 1256 multati,
556 1196 630 1244 cum
645 1177 773 1246 omniuo
794 1198 858 1246 non
875 1189 986 1246 essent
1006 1176 1143 1266 amplius

80 1290 224 1356 centum,
255 1279 309 1368 qui
335 1287 423 1346 tanta
451 1299 489 1346 se
517 1277 671 1346 offerrent
690 1279 844 1366 periculo.
887 1281 959 1360 Ouo
980 1282 1143 1370 paucitate

79 1401 241 1471 percussa
267 1390 318 1448 est
341 1379 672 1448 Lacedaemoniorum
703 1381 853 1468 potentia
899 1383 938 1449 Hi
965 1385 1050 1452 enim
1077 1397 1176 1452 nont

79 1485 183 1574 magis
200 1481 459 1551 adversariorum
480 1483 615 1561 factioni,
638 1503 735 1571 quam
746 1484 911 1573 Spartanis
932 1505 973 1552 eo
994 1496 1143 1573 tempore

78 1588 203 1654 bellum
236 1585 424 1666 intulerunt,
457 1586 511 1676 qui
542 1585 706 1674 principes
735 1596 826 1654 erant
855 1586 952 1654 totius
977 1587 1144 1666 Graeciae,

82 1711 222 1778 quorum
242 1689 368 1777 imperii
388 1689 540 1777 majestas
566 1709 675 1777 neque
695 1689 739 1757 ita
755 1689 858 1758 multo
880 1699 956 1779 past
975 1689 1144 1757 Leuctrica

83 1812 192 1880 pugna
211 1790 252 1860 ab
275 1791 338 1860 hcc
359 1791 446 1858 initio
468 1811 625 1880 percussa
646 1791 794 1860 concidit.
835 1793 882 1861 Illi
903 1793 997 1881 igitur
1018 1790 1176 1860 duodo-5

83 1897 161 1974 cim,
188 1915 325 1984 quorum
352 1891 417 1960 dux
444 1903 513 1962 erat
533 1893 721 1982 Pelopidae,
748 1915 822 1964 cum
848 1895 979 1963 Athenis
1005 1893 1143 1964 interdiu

81 1998 244 2076 exissent,
276 2006 312 2063 ut
337 2006 590 2082 vesperascente
623 1996 715 2064 caelo
743 1996 870 2064 Thebas
901 2011 1036 2086 possent
1068 2021 1144 2090 per-

79 2101 209 2180 venire,
232 2119 306 2168 cum
329 2097 462 2166 canibus
482 2098 635 2166 venaticis
658 2099 803 2166 exierunt
821 2100 904 2168 retia
923 2100 1065 2169 ferentes
1086 2123 1144 2170 ve-

81 2297 288 2314 Μ

81 2425 146 2480 aina
162 2441 230 2476 ,erem
243 2451 276 2464 -
293 2426 400 2476 mutnet
415 2427 596 2494 magistratus.
612 2420 662 2476 sic
678 2421 755 2477 Dan.
775 2420 828 2475 Gn.
847 2421 915 2475 Ιιν.
932 2421 1066 2477 Mendes.
1085 2423 1143 2478 Ax.

81 2511 168 2563 Vcsa.
181 2507 217 2560 A.
230 2505 264 2566 B.
281 2505 335 2560 Ed.
353 2504 429 2560 Ultr.
448 2511 478 2560 et
495 2495 595 2560 omncs
611 2512 682 2561 vett.
700 2507 774 2560 Eud.
790 2535 825 2548 -
849 2505 904 2560 Ed.
922 2505 1021 2560 BcecL
1039 2513 1146 2562 macha

82 2611 139 2646 cur.
159 2621 192 2633 -
212 2591 333 2650 Leth
351 2597 477 2644 maximus
491 2598 671 2664 magistratus.
681 2621 715 2632 -
730 2593 814 2644 etmel.
831 2593 889 2645 Ax.
907 2608 964 2646 cm.
974 2622 1009 2634 -
1026 2591 1143 2646 Bacch:

80 2679 211 2732 simililer.
231 2705 267 2718 -
288 2685 450 2730 consuerant.
479 2676 530 2729 Sic
548 2675 624 2732 Dan.
642 2676 695 2730 Gn.
712 2677 796 2732 Leid.
811 2681 838 2733 2.
856 2707 890 2718 -
913 2677 1000 2742 Voss.
1016 2678 1060 2732 A:
1083 2695 1145 2731 ccu-

81 2754 180 2816 auerct.
196 2789 231 2802 -
248 2760 363 2832 Vulgo:
381 2767 571 2812 consueuerant.

97 2893 99 2903 ,
151 2846 179 2915 ἕ
202 2849 229 2902 3.
265 2863 351 2916 saepe.
387 2843 468 2900 Leia,
484 2848 515 2900 2:
542 2863 596 2917 ape.
615 2875 649 2890 ι-
677 2845 709 2898 ab
731 2854 785 2898 tum
807 2852 882 2898 tenui.
910 2845 986 2900 Dan.
1007 2846 1060 2899 Gn.
1085 2847 1144 2903 At.

83 2932 170 2986 Voss.
190 2929 229 2982 B:
255 2937 308 2982 tam
326 2928 358 2981 ub
376 2936 451 2982 tenui.
471 2957 507 2970 -
523 2937 715 3001 percussam.
745 2931 794 2983 Sic
811 2929 888 2988 Dan.
908 2930 961 2984 Gn.
980 2930 1037 2984 Ax.
1057 2929 1142 2985 Voss.

83 3021 117 3070 A.
137 3015 172 3068 Β.
190 3014 271 3068 Laid.
290 3018 316 3068 2.
336 3018 365 3066 ct
388 3013 512 3068 sortasse
529 3029 629 3068 omnes
645 3013 729 3066 codd.
749 3013 890 3068 lanula.
911 3019 941 3068 et
958 3030 1056 3069 omncs
1074 3020 1144 3068 aute

82 3103 152 3155 Boe.
171 3100 217 3153 ed.
235 3127 269 3141 ·-
285 3096 386 3176 Lamb.
404 3099 437 3152 in
454 3098 532 3164 aliis,
549 3113 623 3170 quos
641 3103 737 3154 tamen
754 3114 815 3152 non
832 3098 1007 3171 nominavit,
1018 3100 1146 3171 perculsa

81 3195 121 3240 ent
138 3201 204 3239 esse
220 3184 332 3239 scribit

152 3269 180 3339 §-
197 3272 224 3325 A-
259 3270 308 3321 111.
343 3265 866 3338 au.:11u.-Spartana.v0ss.n:
889 3273 1017 3338 spectat.
1037 3299 1073 3312 -
1097 3275 1145 3323 hn-

77 3361 151 3426 perta
167 3343 301 3425 majestas.
328 3352 376 3405 Sic
393 3353 469 3406 Dan.
492 3351 545 3406 fl'u.
569 3352 688 3407 Leuat.
711 3351 782 3406 Sar.
802 3351 934 3413 Mendes.
959 3353 1057 3422 Ececl.
1083 3355 1141 3410 Ax.

83 3439 170 3492 Voss.
188 3438 223 3491 A.
242 3435 276 3490 B.
294 3465 329 3480 -
346 3437 400 3491 Ed.
418 3437 494 3492 Uitr.
513 3437 580 3492 Par.
596 3435 693 3510 Long.
711 3437 765 3490 alm
784 3443 892 3510 imperto
908 3440 1049 3508 majestas,
1066 3441 1143 3494 unda

80 3523 183 3577 Lamb.
202 3527 341 3592 imperiosa
356 3524 482 3592 majestaa
497 3522 576 3576 fecit.
593 3553 628 3568 -ν
649 3524 787 3574 Leuctrica
799 3541 899 3595 pugna.
923 3522 973 3576 sic
990 3523 1068 3579 Dan.
1088 3525 1143 3581 Gn.

81 3608 186 3663 Boccl.
205 3608 261 3660 Ax.
280 3606 364 3660 Voss.
377 3604 411 3658 B.
430 3606 484 3660 Ed.
495 3606 571 3661 Uitr.
586 3637 620 3650 -
638 3608 704 3662 Sar.
723 3607 855 3662 Mandas.
873 3607 958 3663 Voss.
970 3611 1004 3662 A.
1022 3609 1104 3663 Leid.
1115 3613 1143 3663 2.

81 3695 136 3747 Ed.
157 3691 226 3744 ΑΜ.
249 3689 344 3763 [cong.
363 3689 462 3744 Lamb.
482 3691 536 3744 aL:
558 3692 722 3744 Leuctricam
738 3711 866 3765 pugnatam
887 3723 921 3734 -
940 3695 1064 3764 perculsa
1084 3711 1151 3745 coum

80 3780 154 3830 cidit.
182 3776 232 3828 Sic
249 3775 325 3829 Dan.
344 3775 397 3828 Gn.
420 3776 544 3829 Mendes
575 3776 661 3831 Voss.
679 3778 715 3830 A.
742 3776 860 3832 LciM.
883 3776 938 3829 Ed.
957 3775 1029 3828 Uitr.
1054 3781 1086 3828 ct
1102 3775 1144 3830 al.

82 3868 155 3914 rett.
173 3889 209 3902 -·
231 3861 287 3914 Ax.
305 3861 392 3914 Voss.
410 3860 448 3913 B:
469 3877 602 3932 percussa.
623 3891 657 3902 -
679 3861 797 3912 concidat.
827 3861 875 3914 Sic
892 3859 968 3912 Bau.
988 3859 1041 3913 Gn.
1059 3859 1142 3913 Aleu-

82 3948 145 4000 dos.
163 3945 222 3998 Ax.
239 3945 305 3998 Sar.
325 3945 424 3998 Bcecl.
442 3973 478 3984 -
494 3944 549 3997 Ed.
561 3942 636 3996 Uitr.
656 3944 722 3996 Ata.
740 3941 835 4016 Lcng.
855 3941 954 3996 Lamb.
972 3943 1025 3996 aL:
1042 3945 1147 3996 cectdtt:

152 4029 178 4098 §-
198 4033 225 4084 5.
259 4030 312 4082 dua
329 4039 395 4083 crat.
429 4029 478 4082 Sic
496 4027 625 4081 timAx.
648 4029 702 4080 Ed.
720 4027 796 4082 Ultr.
814 4055 848 4070 -
868 4027 982 4100 Vulgo:
1007 4036 1066 4080 crat
1082 4030 1144 4081 dua.

82 4145 116 4158 -
136 4116 276 4169 Charonte.
294 4115 347 4175 (in,
365 4115 421 4167 Ax.
442 4113 526 4168 Voss.
544 4113 581 4168 A.
597 4111 636 4166 B:
655 4115 776 4165 Ourania.
791 4140 827 4154 -·
842 4112 1003 4167 devm.
1020 4115 1069 4169 sic
1087 4113 1140 4169 flu.

85 4204 141 4255 Aac
160 4200 246 4258 codd.
264 4199 345 4256 Βίαν.
364 4199 436 4254 End.
455 4204 526 4256 vett.
545 4229 579 4242 -
594 4197 707 4254 Lance
724 4199 893 4252 decertent.
