2818 4704
453 267 539 328 XVI.
581 267 759 347 Pelopidas.
1081 267 1139 336 173
1159 329 1162 340 ,.

63 441 217 488 scenos.
260 419 300 484 dt
320 417 363 484 illi
386 437 508 499 omues,
531 439 606 487 cum
623 420 691 510 jain
712 439 776 488 nox
797 420 1028 508 processisset,
1049 424 1172 492 rino-s

63 522 149 589 lenti
173 519 216 587 ab
241 519 405 588 exsulibus
428 520 512 590 (luce
534 521 691 612 Pelopida
712 533 785 590 sunt
806 523 970 592 interlecti.
1013 524 1138 606 Quibus

62 623 173 691 rebus
198 619 352 690 conlectis
375 623 472 712 vulgo
495 623 538 690 ad
559 644 649 690 arma
670 623 917 714 libertatemque
934 638 1050 694 uocato
1072 651 1137 701 nou

63 727 178 794 solum
207 725 261 814 qui
288 724 320 790 in
345 725 428 794 urbc
457 736 559 806 erant,
595 724 656 792 sed
686 725 781 794 etiarn
813 726 956 816 undique
984 749 1026 794 ex
1052 731 1137 818 agris

63 837 319 906 concurrerunt,
346 813 543 915 praesidium
565 825 896 894 Lacedaemoniorum
919 848 959 894 ex
981 849 1058 896 arco
1079 853 1175 926 pe
1153 834 1181 874 Ᾰ·
1198 834 1238 875 ἢ·

62 933 230 1022 pulerunt,
250 929 385 1018 patriam
408 927 579 996 obsidione
600 927 783 1006 liberarunt,
805 939 955 996 auctores
974 929 1138 998 Cadmeae

64 1031 287 1123 occupandae
318 1032 436 1120 partim
465 1031 654 1099 occiderunt
682 1031 798 1120 partim
831 1031 863 1098 in
897 1033 1043 1100 exsilium
1071 1033 1139 1124 eje-

9 1221 14 1230 ,
66 1146 196 1205 cerunt
445 1195 449 1210 ‚

160 1239 237 1326 Cap.
259 1238 306 1304 IV.
348 1238 418 1304 Hoc
439 1247 505 1304 tarn
525 1215 654 1304 turbido
677 1247 833 1324 tempore,
855 1237 938 1306 sicut
959 1217 1057 1330 supra
1079 1238 1139 1308 do·
1154 1263 1170 1318 1

67 1341 207 1420 cuimus,
228 1337 476 1428 Epaminondas,
498 1337 606 1427 quoad
630 1359 704 1404 cum
726 1337 849 1405 civibus
872 1339 1056 1408 dimicatum
1079 1355 1137 1420 est,

69 1445 161 1512 domi
186 1443 313 1532 quietus
340 1442 403 1508 luit
445 1443 555 1530 Itaque
585 1439 669 1506 haec
694 1438 933 1506 liberandarum
955 1442 1137 1512 Thebarum

68 1546 206 1636 propria
226 1545 297 1611 laus
320 1555 371 1611 est
390 1542 581 1632 Pelopidae,
608 1553 740 1610 ceterae
766 1541 835 1608 lero
858 1562 971 1610 omnes
994 1563 1138 1612 commu·
1169 1535 1172 1542 ’

69 1671 134 1718 nes
163 1668 237 1716 cum
257 1645 485 1736 Epaminonda.
532 1647 678 1734 Namque
705 1643 874 1712 Leuctrica
900 1666 1009 1734 pugna
1035 1646 1138 1734 impe·
1152 1675 1170 1727 2

74 1774 113 1818 ra
113 1762 185 1818 ore
214 1748 431 1840 Epaminonda
457 1747 509 1814 hic
540 1748 597 1814 luit
623 1747 688 1814 dux
716 1745 866 1815 delectae
892 1769 1020 1829 manus,
1051 1771 1205 1857 (ῙιιειοΗ
1152 1763 1181 1804 A
1199 1763 1238 1858 qn

73 1855 181 1944 prima
210 1851 402 1942 pbalangem
432 1850 604 1940 prostravit
634 1851 804 1918 Laconum.
853 1849 1009 1920 Omnibus
1040 1874 1137 1942 prae-

72 1969 168 2023 terea
189 1954 342 2058 periculis
364 1953 474 2033 adluit,
497 1953 579 2021 sicut
599 1952 746 2042 Spartam
769 1973 841 2022 curn
865 1957 1069 2044 oppugnarit,
1091 1954 1137 2022 al·
1153 1986 1172 2040 3

71 2071 181 2126 terum
203 2059 304 2124 tenuit
325 2077 425 2124 cornu
443 2055 732 2144 quoquellessene
755 2055 893 2122 celerius
914 2059 1138 2128 restitueretur

72 2163 202 2250 legatus
225 2161 256 2225 in
269 2161 386 2226 Persas
405 2169 456 2225 est
476 2158 648 2246 proiectus.
689 2157 836 2246 Denique
858 2157 940 2224 baec
961 2158 1017 2224 luit
1037 2160 1139 2228 altera

72 2283 218 2353 persona
230 2261 355 2343 Thebis,
377 2259 438 2328 sed
458 2270 566 2329 tamen
587 2257 741 2341 secunda
763 2259 807 2327 ita
829 2269 862 2326 ut
883 2259 1028 2349 proxima
1050 2273 1139 2330 esset
1225 2348 1228 2354 Ι

72 2363 326 2455 Epaminondae.

73 2725 131 2759 ras.
159 2701 209 2760 Sic
233 2719 333 2760 omncs
352 2702 445 2759 Codri.
468 2707 498 2759 et
514 2699 588 2758 Edd.
605 2730 639 2744 -
661 2701 774 2758 Staver.
797 2718 836 2758 cx
852 2703 963 2779 Sobott.
982 2699 1074 2773 couj.=
1096 2722 1141 2758 res

74 2798 172 2844 serias.
937 2812 941 2821 ·

148 2873 176 2944 ξ.
199 2877 226 2932 3.
262 2859 314 2926 nos
331 2877 514 2946 processisset.
553 2867 654 2927 Boecl.
676 2871 733 2926 Ax.
757 2863 900 2928 Voss.'B:
927 2893 978 2928 non
995 2879 1142 2946 processis·

76 2967 142 3012 sent.
162 2987 197 3000 -
213 2959 342 3010 vinolenti.
359 2957 472 3012 Ernst.:
489 2961 546 3009 vino
557 2959 640 3028 pleni.
657 2985 691 2997 -
712 2957 775 3008 duce
791 2959 932 3028 Pelopida.
956 2960 1013 3012 Ax.
1034 2971 1089 3009 om.
1107 2984 1142 2998 -

77 3041 230 3098 liberarent.
246 3037 295 3093 Sic
314 3040 367 3095 Gu.
385 3038 470 3094 Voss.
482 3041 517 3094 A.
538 3043 617 3096 Laid.
631 3046 657 3096 2.
676 3042 729 3096 Ed.
743 3039 818 3095 Ultr.
837 3058 901 3094 eum
919 3043 1053 3095 omnibus
1072 3048 1141 3096 ante

75 3127 181 3181 Boecl.
198 3155 233 3167 -
255 3128 309 3180 Ax.
327 3131 360 3179 ut
380 3125 486 3198 vulgo:
509 3125 689 3178 liberaverunt.
710 3132 861 3198 -partim
884 3133 910 3179 in
932 3129 1058 3180 exsiliter.
1088 3127 1142 3180 tts.

75 3211 177 3286 Maga
197 3213 263 3264 alios
280 3216 306 3262 in
323 3212 449 3263 cecilium.
465 3240 500 3253 -
517 3209 588 3264 Bar.
606 3215 633 3262 in
650 3226 706 3272 om.
811 3269 816 3276 Ι

313 3283 317 3292 ’
540 3295 610 3364 Cap.
629 3292 681 3347 tv.

148 3379 175 3450 g,
194 3383 219 3436 l.
256 3379 392 3431 domemus.
426 3377 474 3433 Sic
493 3377 545 3436 (iu.
564 3377 621 3433 Ax.
642 3375 726 3433 Voss.
744 3375 779 3432 A.
799 3375 881 3436 Laid.
899 3383 925 3436 2.
944 3377 997 3433 Ed.
1012 3375 1089 3434 Ultr.
1108 3408 1142 3422 -·

75 3466 133 3522 Ed.
154 3466 236 3537 Mag.
250 3463 374 3521 Rauen:
392 3464 562 3518 aternius-
578 3464 780 3537 Epaminondas.
799 3464 879 3518 leid.
890 3469 921 3522 2:
938 3466 1141 3536 Epaminondas.

75 3582 113 3594 -
130 3569 187 3603 cum
204 3549 307 3601 cit-ibas.
325 3548 408 3602 Voss.
428 3551 462 3602 tt.
482 3568 537 3600 cnm
555 3566 611 3604 om.
629 3545 748 3614 -sere
764 3548 822 3602 Ax.
843 3550 926 3606 Vasa.
946 3545 984 3602 B:
995 3546 1095 3618 serane.
1108 3579 1143 3590 -

78 3634 135 3687 Gn.
154 3631 237 3686 Leid.
256 3635 282 3686 2.
302 3650 387 3684 ornnes
405 3648 460 3684 om.
479 3662 514 3676 -
530 3634 586 3686 Ax.
604 3651 745 3686 communes
762 3650 818 3687 om.
1136 3619 1139 3628 ⁴

148 3717 175 3787 ξ.
194 3721 221 3772 2.
256 3715 394 3770 Leuctrica
403 3735 504 3789 pugna.
538 3717 587 3770 Sic
606 3718 658 3769 Gu.
682 3716 781 3772 Boecl.
799 3717 856 3772 Ax.
881 3719 966 3772 Voss.
984 3718 1019 3769 A.
1037 3713 1071 3766 B.
1088 3714 1142 3768 Ed.

76 3802 156 3856 Ulir.
174 3806 205 3854 ei
223 3815 323 3854 omnes
340 3804 409 3854 anic
426 3797 537 3871 Isamlt„
556 3801 605 3870 qui
623 3808 654 3852 in
672 3802 807 3855 Leuctrica
818 3823 913 3876 pugna
930 3799 1054 3867 scripsit.

149 3885 176 3955 ἓ.
195 3888 221 3940 3.
258 3903 356 3954 quoqne
372 3885 505 3937 Messena.
540 3883 587 3938 sie
610 3883 663 3938 bd.
682 3882 756 3938 Uttr.
786 3891 815 3938 ct
840 3901 939 3938 ornnes
969 3890 1036 3936 ante
1060 3882 1139 3935 Slav.

76 4001 114 4015 --
131 3970 209 4024 Dan.
230 3967 284 4020 Gu.
302 3967 389 4022 Voss.
407 3970 448 4022 A:
470 3985 568 4044 quoque
585 3967 693 4024 Essena.
709 3998 744 4011 -
766 3965 824 4022 Ax.
843 3969 928 4023 Voss.
948 3964 986 4021 ΒΞ
1008 3987 1057 4040 qao
1080 3969 1142 4020 Me·

78 4075 151 4109 sena.
168 4083 203 4096 -
220 4051 301 4107 Leid.
321 4057 352 4110 2:
371 4061 463 4108 essent.
