2808 4706
249 1261 377 1339 solum
408 1261 491 1364 ipse
523 1281 701 1357 magnam
733 1285 779 1338 ex
816 1259 861 1334 iis
900 1273 1054 1362 peteres
1088 1261 1311 1340 delectatio-

249 1438 343 1491 nem
388 1425 427 1490 et
470 1410 732 1514 voluptatem,
784 1438 923 1491 verum
966 1414 1079 1491 etiam
1124 1437 1194 1490 eos
1240 1414 1312 1514 qui

249 1588 412 1642 omnem
444 1588 553 1640 suam
584 1587 716 1639 curam
747 1576 862 1664 atque
896 1591 1057 1667 operam
1087 1562 1137 1642 ad
1169 1588 1213 1641 ea
1244 1588 1311 1642 re·

249 1715 412 1793 colenda
437 1710 666 1791 conferrent
690 1711 829 1812 dignos
850 1715 943 1792 Tuis
967 1713 1167 1793 beneficiis
1191 1727 1313 1816 atque

249 1864 431 1943 omnibus
462 1863 582 1940 rebus
619 1861 855 1962 adjuvandos
894 1865 1134 1943 existimares.
1193 1869 1312 1941 Prae-

248 2016 394 2093 clarum
419 2040 510 2093 sane
537 2027 595 2092 est
620 2039 752 2090 carum
777 2039 863 2093 esse
888 2015 1029 2105 civem,
1055 2015 1159 2093 bene
1185 2015 1236 2092 de
1260 2042 1311 2093 re

246 2167 399 2269 publica
423 2163 566 2243 mereri
572 2223 584 2271 ζ
608 2162 767 2253 laudari,
800 2166 893 2257 coli,
925 2165 1045 2264 diligi,
1076 2165 1309 2268 praeclarius

247 2318 288 2394 in
313 2344 358 2396 re
383 2316 533 2419 publica
559 2340 708 2392 summa
731 2341 821 2393 cum
845 2329 1035 2420 potestate
1059 2316 1309 2418 imperioque

247 2467 406 2556 versari,
438 2468 491 2544 sic
516 2482 559 2544 ut
585 2490 723 2544 omnes
750 2466 817 2569 qui
844 2467 972 2544 omnia
998 2468 1049 2546 de
1080 2494 1125 2546 re
1155 2468 1309 2570 publica

246 2591 438 2720 praeclara
469 2632 584 2719 atque
611 2618 761 2718 egregia
794 2617 964 2697 sentiunt
988 2643 1144 2696 summo
1171 2616 1306 2696 officio
1401 2633 1402 2650 *

247 2785 287 2848 ot
323 2793 485 2846 stamma
515 2767 754 2846 observantia
787 2769 832 2844 ‘in
870 2783 1104 2871 perpetuum
1131 2747 1308 2845 ‹deitncti

245 2932 459 2998 terreantur.
512 2923 621 2996 :Noa
645 2932 712 2996 est
751 2917 860 3020 qood
898 2923 982 2996 'itta
1011 2919 1173 3018 egregie
1192 2917 1308 2995 .-tacta

248 3096 331 3170 ego
348 3033 715 3172 praedicemaquao
741 3075 802 3147 tta
816 3115 821 3124 ·
835 3070 877 3145 in
901 3070 972 3144 hac
996 3066 1193 3168 provincia
1216 3089 1304 3165 ges

248 3222 329 3298 sisti·
358 3246 489 3322 neque
523 3221 599 3302 ulia
632 3245 816 3322 unquam·
843 3215 1070 3319 improbitas
1099 3218 1307 3295 hominum

247 3397 378 3474 nequo
409 3371 597 3471 temporis
631 3371 780 3447 oblivio
801 3367 961 3447 deletio
994 3381 1230 3456 tartareum,
1260 3379 1308 3444 ut

249 3548 296 3600 ox
333 3521 567 3622 serpiterna
601 3519 793 3596 annalium
824 3519 971 3620 populi*
990 3520 1185 3616 Bomssiei
1222 3543 1306 3596 me·

248 3672 372 3750 moria
409 3696 611 3774 nunquam
649 3668 764 3748 evelli
799 3668 957 3769 possint
1019 3676 1168 3767 Quanta
1208 3694 1306 3746 vem

248 3823 483 3911 humanitate
530 3835 568 3899 et
615 3818 838 3898 liberaiitate
881 3825 943 3898 Tu
989 3818 1308 3906 honestissimum

250 4000 448 4077 quemque
469 3967 836 4072 ¹comprehenderis,
871 3994 986 4072 quam
1014 3967 1152 4048 faciles
1175 3969 1227 4047 ad
1249 3974 1310 4048 Te

252 4123 433 4204 omuibus
461 4119 695 4220 ⁴praebueris
733 4119 873 4213 aditus,
920 4135 1100 4224 quantam
1139 4121 1309 4200 clemen-
