2816 4702
457 263 499 324 u.
522 261 762 329 attenuemus.
1100 268 1139 332 ⁷3

76 436 177 484 omne
204 410 282 482 iliud
310 423 437 504 tempus
464 414 577 486 litteris
601 417 808 508 sermonique
835 419 1008 489 Persarum
1035 415 1139 500 dedit3

75 517 198 608 quibus
224 515 310 584 adeo
340 517 483 584 eruditus
505 525 568 597 est,
593 527 628 586 ut
657 519 758 587 multo
786 520 988 590 commodius
1014 519 1138 590 dicatur

76 618 169 708 apud
191 639 306 708 regem
326 615 429 685 verba
448 619 576 700 iecisse,
598 638 696 712 quam
717 619 739 687 ii
758 631 914 709 poterant
935 623 990 710 qui
1011 623 1043 690 iu
1061 624 1139 692 Per-

75 721 151 792 side
175 730 268 790 erant
287 720 360 790 nati.
402 721 461 792 Hic
483 742 558 790 eum
579 720 679 790 multa
691 721 760 810 regi
776 731 865 788 esset
885 723 1045 812 pollicitus
1066 737 1172 814 gra-a

74 823 305 911 tissimumqua
324 821 411 902 illud,
431 823 460 890 si
481 821 550 890 suis
570 821 615 892 uti
638 821 779 892 consiliis
800 823 906 906 vellet,
925 825 1017 894 illum
1039 827 1139 896 Graa-

73 926 165 994 ciam
186 924 275 994 bello
298 944 538 1012 oppressurum,
558 925 683 1013 maguis
704 925 891 994 muneribus
912 926 1139 996 abdrtaxerxe

77 1027 220 1096 donatus
252 1026 285 1094 iu
310 1027 417 1096 Asiam
446 1026 542 1098 rediit
574 1025 834 1122 domiciliumque
864 1028 1047 1118 Magnesiae
1077 1029 1168 1098 sibi.

77 1129 251 1199 constituit
292 1129 438 1218 Namque
465 1130 549 1200 hano
571 1129 687 1198 urbem
706 1129 737 1198 ei
759 1130 827 1202 lieu
849 1130 995 1212 donarat,
1023 1131 1173 1224 hisquae

77 1230 207 1310 verbis,
233 1250 319 1321 quae
341 1232 373 1300 ei
393 1252 512 1320 panem
533 1230 721 1324 praeberet;
743 1251 785 1300 ex
807 1253 871 1320 qua
891 1235 1025 1324 regione
1047 1235 1140 1330 quin·

79 1333 235 1422 quaginta
259 1331 379 1400 talenta
399 1336 569 1423 quotannis
596 1331 760 1412 redibaut;
787 1334 1003 1424 Lampsacum
1023 1350 1140 1418 autem,

78 1433 170 1504 unde
191 1434 300 1504 viuum
320 1446 477 1520 sumeret;
498 1439 635 1528 Myunta‚
657 1455 699 1524 es
720 1453 785 1524 qua
807 1438 977 1527 opsonium
998 1436 1141 1510 haberet

68 1537 183 1625 Mnjus
206 1535 249 1604 ad
270 1547 413 1606 nostram
433 1537 623 1616 memoriam
640 1549 847 1608 monumenta
860 1547 1045 1610 manserunt
1060 1539 1139 1612 duo:

80 1639 270 1728 sepulcrum
291 1659 396 1732 prope
417 1639 587 1729 oppidum,
613 1639 645 1710 iu
667 1657 733 1730 quo
760 1651 811 1708 est
831 1639 990 1734 sepultus;
1014 1650 1139 1712 statuae
1153 1631 1237 1728 „iffi
1280 1627 1284 1634 ¹
1333 1695 1337 1703 .

81 1742 116 1810 in
138 1741 207 1810 iore
229 1742 421 1829 Magnesiae.
464 1743 512 1812 De
542 1742 634 1830 cujus
660 1751 765 1812 morte
792 1741 898 1813 mult-is
924 1741 1029 1812 modis
1052 1741 1172 1838 apudt

80 1845 261 1932 plerosque
288 1842 442 1931 scriptum
473 1854 538 1926 est;
569 1841 633 1937 sed
667 1863 727 1912 nos
760 1843 913 1914 eumdem
939 1845 1141 1940 potissimum

81 1943 308 2037 Thucydidem
329 1955 494 2014 auctorem
517 1945 702 2036 probamus,
723 1944 779 2036 qui
800 1945 887 2018 iilum
900 1947 943 2018 ait
957 1947 1141 2037 Magnesiae

79 2047 200 2120 morbo
229 2057 388 2140 mortuum
417 2068 527 2138 nequa
559 2059 657 2140 negat
682 2047 782 2117 inisse
812 2047 950 2129 samam,
980 2072 1141 2124 vencnum

79 2171 143 2220 sua
164 2161 287 2239 sponte
303 2149 469 2231 sumsisse,
490 2170 564 2222 cum
585 2172 632 2231 sa,
653 2170 738 2244 quae
761 2150 842 2238 Regi
864 2147 907 2220 de
925 2151 1062 2228 Graecia
1083 2174 1142 2246 op-

79 2253 254 2343 primenda
283 2252 443 2340 pollicitus
476 2262 576 2332 esset,
610 2261 908 2345 praestare‘posse
942 2252 1142 2346 desperaret

79 2353 174 2426 Idem
203 2375 279 2426 cesa
301 2356 375 2444 ejus
393 2354 477 2426 clam
497 2355 529 2422 in
546 2356 649 2427 Attica
669 2354 711 2422 ab
734 2355 845 2428 amicis
871 2355 1013 2446 sepulta,
1040 2368 1175 2446 quon-c

80 2461 148 2530 iam
175 2457 303 2547 legibus
334 2478 398 2526 uon
431 2457 685 2538 concederetur,
716 2457 805 2552 quod
836 2455 1026 2552 proditionis
1053 2469 1143 2532 esset
1251 2521 1260 2530 .

81 2561 262 2640 damnatus,
283 2561 460 2629 memoriae
482 2559 631 2653 prodidit.

151 2728 181 2798 fl.
199 2732 225 2785 2.
249 2737 311 2804 regi
327 2739 404 2785 esaei.
428 2731 482 2786 Ed.
494 2725 583 2785 titan:
601 2739 670 2786 esset
685 2738 756 2804 regi.
774 2761 808 2773 -
825 2731 1037 2809 domiciliumque.
1056 2733 1144 2789 Voss.

82 2814 116 2870 C.
139 2830 197 2870 om.
215 2833 271 2885 quo.
291 2844 325 2858 -
341 2817 509 2894 etagamus.
530 2815 609 2869 Leiti.
626 2819 659 2872 2:
677 2817 826 2888 Magum.
863 2883 865 2889 Ι

153 2897 179 2967 ἓ.
199 2901 225 2954 3.
260 2897 349 2970 iusque
365 2899 459 2954 verita.
482 2899 551 2954 Mes.
571 2899 652 2972 Mag.
671 2905 701 2953 ei
713 2899 784 2954 aad.
805 2901 940 2971 quaedd.:
959 2901 1073 2954 donarat
1088 2917 1144 2958 cuns

81 2982 183 3038 duabu
201 2984 261 3038 alite
277 2983 318 3040 dia
334 3002 394 3040 usuc
409 2983 511 3052 cardiu
530 2989 626 3042 iumen
638 2983 728 3038 verbu
746 3004 801 3040 cotan
818 2985 916 3038 duabus
934 2989 993 3042 aiii-s
1011 2987 1047 3041 ab
1066 2985 1142 3054 opii·

81 3067 139 3123 uris
151 3065 237 3121 tiaris
250 3067 363 3121 absunt.
375 3096 410 3106 -
427 3067 480 3125 led.
499 3085 543 3137 pr.
563 3073 592 3124 ci
610 3072 677 3122 ccii.
696 3073 780 3124 veti:
797 3069 838 3121 iia
854 3087 914 3123 naua
931 3069 1070 3124 aercae-
1088 3068 1141 3124 Gn.

82 3151 166 3205 Leid.
186 3155 217 3208 2:
241 3151 346 3228 itiaque
363 3151 465 3218 vermo,-
488 3151 565 3210 Dan.
584 3151 694 3207 otum:
717 3171 776 3224 que
792 3168 845 3224 par
862 3153 1063 3222 compendium
1080 3153 1145 3208 red-

82 3237 167 3290 dunt.
186 3266 220 3276 -
243 3241 431 3311 quinquaginta
447 3239 555 3291 talenta.
579 3235 628 3291 Sic
650 3235 726 3290 Dan.
747 3233 799 3290 Gu.
824 3237 880 3289 Ax·
900 3235 997 3291 Boccl.
1016 3237 1097 3294 Leid.
1119 3241 1142 3294 Ι.

84 3319 171 3372 Voss.
193 3319 227 3374 A.
247 3317 279 3372 B.
298 3319 331 3372 Ο.
349 3317 403 3375 Ed.
422 3317 498 3374 Uitr.
519 3327 548 3378 et
566 3337 665 3378 omnes
683 3327 752 3376 aute
775 3319 872 3374 Lamia.
891 3321 942 3394 qui
959 3329 1147 3402 quinquaginta

82 3411 112 3458 ei
136 3404 237 3458 talenta
259 3401 349 3458 dedit.
369 3431 400 3444 -
423 3403 595 3476 Lampsacum
613 3412 705 3459 autem.
735 3404 784 3458 Sto
801 3401 878 3462 Dan.
898 3405 951 3464 (iu.
969 3409 1025 3463 Ax,
1045 3407 1144 3462 Boeci.

81 3487 168 3543 retu.
187 3491 213 3546 2.
231 3487 317 3542 Voss.
336 3483 371 3544 B.
390 3516 423 3529 -
445 3487 500 3546 Ed.
519 3487 595 3543 Uitr.
615 3505 672 3544 om.
697 3495 789 3542 auton.
809 3520 843 3531 --
860 3489 915 3548 Ed.
931 3489 1042 3568 Longa
1065 3493 1146 3546 Lam·

75 3590 191 3648 paucum
208 3577 291 3626 item.
311 3600 346 3613 -
361 3571 483 3644 Myimta.
504 3568 556 3627 Gn.
574 3573 660 3627 Voss.
671 3573 706 3626 A.
722 3573 759 3628 Gt
777 3573 907 3644 Myntum.
918 3585 960 3614 '—
977 3577 1032 3631 Ax.
1045 3575 1145 3632 Boeei.

83 3656 167 3712 coia.
185 3659 213 3712 ‘i-
231 3654 318 3712 Voss.
336 3654 375 3714 B:
394 3659 541 3730 Smyrnam.
559 3687 595 3702 -
611 3658 665 3716 Ed.
682 3657 773 3716 ulte:
793 3659 934 3730 iilyuntem.
952 3689 986 3704 -·
1002 3659 1088 3713 Voss.
1106 3659 1144 3712 0:

80 3747 185 3800 statuat
194 3758 255 3796 vero
270 3755 323 3812 pro
338 3745 440 3794 statuae
455 3747 481 3798 in
490 3740 570 3809 soro.
585 3770 617 3781 -
630 3743 799 3820 Magnesiae.
819 3739 899 3798 Laid·
911 3745 942 3798 2:
961 3743 1147 3817 uiagmnae.

154 3823 182 3894 ὅ.
201 3827 227 3880 d.
262 3825 349 3880 antitis
370 3823 462 3882 modia.
499 3825 547 3879 Sic
573 3825 652 3878 ueta.
675 3831 701 3884 2.
730 3823 761 3879 ei
782 3823 934 3892 cuuto.
957 3853 993 3864 -—
1020 3825 1093 3879 iix-2
1120 3831 1146 3876 in

81 3909 172 3966 multia
188 3905 280 3964 modia.
300 3937 333 3948 -
353 3907 428 3962 Dum
450 3908 503 3964 Gu.
524 3905 581 3964 Gli.
600 3907 666 3965 rut.
685 3909 753 3963 Sav.
770 3909 856 3962 Voss.
871 3907 910 3961 A:
929 3907 1093 3961 imcitimndi'o.
1112 3939 1145 3954 -

82 3998 275 4068 scriptumest.
304 3984 390 4050 Voss.
411 3991 444 4049 G.
463 3999 585 4052 emeat.
610 4023 643 4035 -
664 3993 779 4046 amdan.
807 3993 863 4044 Ax.
884 3989 982 4045 Boaci.
1002 3991 1087 4048 Voss.
1106 3991 1144 4051 B:

84 4096 152 4132 enm.
168 4105 202 4118 -
220 4075 366 4150 obtinenda.
390 4076 438 4130 Sic
456 4077 512 4131 Ax.
531 4081 564 4157 ci
578 4075 663 4130 Vasa.
682 4075 715 4130 B.
734 4103 768 4115 -
786 4073 899 4130 Ceteri:
917 4077 1094 4154 opprimenda.

155 4159 182 4230 fi.
200 4167 226 4220 5.
262 4159 330 4215 cium
347 4167 373 4214 in
389 4163 491 4216 Attea.
524 4161 597 4217 Aa:
616 4167 642 4215 itt
657 4161 751 4214 Attico
768 4159 843 4216 etan.
