2818 4704
292 270 350 336 m
674 267 814 329 Cornelii
831 265 966 346 Nepoti«
1398 253 1399 334 i

298 429 439 500 orasset,
462 427 635 508 postquam
661 416 705 486 ad
730 416 784 486 itta
805 417 872 486 duo
893 416 1070 507 opprobria
1090 416 1257 507 pervenit,
1282 419 1356 486 Ad-

296 529 414 592 mirori
438 545 498 603 cc,
528 519 624 600 dixit,
651 522 832 588 stultitiam
861 522 1011 591 rhetoris
1038 526 1174 602 Attici,
1206 527 1265 609 (μή
1290 547 1358 589 non

296 625 569 696 animaduerterit
589 629 785 693 innocentes
800 625 880 694 illos
899 635 1014 704 ructes,
1036 625 1128 692 domi
1148 626 1278 714 meiere
1298 625 1358 690 nd-

295 735 398 798 rnisco
420 752 497 798 cum
515 732 630 816 patria
651 737 764 792 essent
781 727 914 813 expulsi
935 739 1091 814 receptos
1104 751 1180 794 csse
1193 727 1237 792 ab
1248 729 1358 794 Atte-

262 832 474 902 tntenatm.
522 827 590 898 Sed
617 827 755 894 maxime
785 828 856 915 ejus
884 826 1069 916 eloquentia
1100 829 1199 896 eluxit
1225 829 1356 916 Spartae

296 931 393 1022 legati
416 943 489 998 ante
511 951 651 1020 pugnam
668 929 882 1008 Leuctricam;
905 951 970 1018 quo
994 951 1067 996 cnm
1090 931 1233 996 omnium
1254 933 1357 1000 socio-

296 1055 368 1102 mm
383 1033 610 1102 convenissent
623 1031 729 1120 legati,
750 1051 862 1098 coram
877 1030 1141 1120 frequentissimo
1163 1033 1355 1122 legationum

196 1140 225 1232 ζ·
237 1137 283 1234 33
298 1144 457 1204 conventu
485 1133 533 1200 sic
553 1133 885 1201 Lacedaemoniorum
911 1135 1115 1225 tyrannidem
1141 1121 1302 1224 coarguit,
1326 1147 1357 1201 ut

297 1259 362 1306 non
388 1235 492 1304 minus
518 1234 571 1302 illa
598 1236 742 1304 oratione
769 1255 853 1324 opes
882 1248 995 1302 corum
1022 1239 1236 1318 concusserit,
1263 1260 1356 1328 qnam

297 1338 465 1410 Leuctrica
492 1359 607 1428 pugna.
656 1341 734 1406 Tum
763 1339 848 1406 enim
874 1338 1024 1426 perfecit,
1053 1339 1142 1429 quod
1163 1351 1239 1429 post
1260 1362 1357 1430 appa-

297 1443 366 1524 ruit
387 1452 422 1510 ut
443 1441 558 1510 auxilio
581 1441 744 1508 sociorum
763 1439 1011 1508 Lacedaemonii
1032 1442 1241 1530 privarentur.

265 1561 281 1616 1
384 1546 458 1635 Cap.
479 1546 539 1612 Vll.
580 1544 693 1612 Fuisse
719 1545 894 1632 patientem
927 1565 1126 1634 suorumque
1154 1546 1288 1634 injurias
1315 1515 1373 1614 ie,

297 1659 423 1720 rentem
443 1647 574 1728 civium,
602 1645 692 1737 quod
717 1667 755 1714 se
781 1646 904 1736 patrino
931 1648 1028 1716 irasci
1049 1649 1139 1716 nefas
1162 1669 1237 1716 esse
1260 1649 1357 1716 duce-

296 1761 361 1832 ret,
388 1749 471 1818 hacc
499 1759 574 1816 sunt
599 1749 788 1818 testimonia.
836 1748 916 1816 Cum
944 1769 1019 1816 eum
1047 1759 1182 1837 propter
1209 1752 1356 1818 invidiam

298 1854 387 1922 cives
414 1850 595 1940 praeficere
623 1851 776 1924 exercitui
802 1850 979 1920 noluissent
1007 1848 1137 1940 duxque
1160 1865 1249 1920 essct
1272 1854 1357 1922 dele-

298 1965 369 2022 ctus
391 1951 467 2020 belli
488 1952 668 2041 imperitus,
694 1953 786 2041 cujus
809 1973 920 2020 cuore
947 1974 988 2020 eo
1018 1965 1107 2022 esset
1128 1954 1272 2024 deducta
1296 1980 1356 2034 res,

298 2067 334 2124 ut
354 2076 467 2124 omnes
489 2053 532 2122 de
553 2053 656 2122 salute
678 2056 958 2144 pertimescerent,
980 2057 1069 2145 quod
1090 2058 1238 2125 locorum
1261 2081 1357 2148 ungu·
1398 2119 1399 2122 ,

299 2158 366 2228 stiis
384 2157 494 2228 ·citusi
520 2155 562 2228 ab
589 2156 735 2228 hostibus
762 2156 1008 2240 obsidebantur,
1033 2158 1215 2229 desiderari
1240 2173 1358 2251 coepta

297 2463 352 2520 Pal.
373 2463 454 2537 Mag.
473 2463 586 2534 stepha
605 2463 828 2520 animadverteret.
845 2493 878 2506 -
896 2465 1019 2518 amitto
1038 2461 1121 2520 Voss.
1140 2464 1181 2520 B:
1203 2472 1308 2520 misto.
1326 2500 1360 2510 -

298 2549 407 2622 emetat.
425 2547 474 2602 Sic
491 2547 568 2603 Dan.
588 2547 642 2606 (iu.
660 2547 758 2602 Boecl.
777 2550 834 2602 Ax.
855 2549 938 2606 Voss.
955 2547 989 2602 tt.
1008 2550 1062 2606 Ed.
1073 2549 1149 2606 ure.
1167 2581 1203 2595 -
1219 2552 1306 2608 Voss.
1327 2557 1359 2610 A.

298 2627 380 2686 teto.
395 2635 422 2688 2.
441 2632 514 2686 Edd.
534 2638 618 2686 vett:
631 2634 712 2704 pulsi.

366 2715 393 2786 ὅ.
410 2721 437 2774 Δ.
473 2718 557 2790 legun
575 2723 634 2768 ente
653 2734 772 2788 pugnum
788 2717 960 2771 Leuctricam.
994 2718 1043 2774 Sic
1060 2719 1137 2774 Dan.
1158 2719 1314 2774 Gn.1.et‹t.
1336 2726 1358 2777 1.

296 2804 323 2858 2.
346 2801 403 2855 sit.
422 2801 554 2856 Mondou.
574 2800 673 2854 Boecl.
691 2798 748 2852 Ax.
770 2800 854 2856 Voss.
873 2801 910 2856 Α.
931 2801 964 2856 Β.
989 2802 1042 2856 tto.
1061 2802 1137 2858 Ultr.
1155 2835 1189 2848 -
1209 2805 1264 2858 Ed.
1284 2808 1357 2878 Arg.

296 2887 365 2942 Pur.
384 2887 450 2954 ΔΜ.
470 2886 564 2958 Loug.
584 2885 665 2958 Mag.
684 2884 783 2938 Lamb.
803 2885 840 2938 ul.
859 2886 932 2940 haec
949 2887 1040 2941 verba
1058 2903 1114 2940 om.
1128 2917 1169 2931 -
1192 2890 1358 2962 legalium

297 2969 346 3024 Sic
363 2969 438 3024 Dan.
457 2970 513 3024 Ax.
532 2968 632 3024 Boecl.
651 2969 736 3024 Voss.
756 2970 789 3024 tt.
808 2970 945 3026 unuln.
962 3001 996 3012 -
1015 2972 1068 3024 Gu.
1086 2973 1219 3028 Mendes.
1243 2974 1356 3030 [κείω.
1397 2977 1398 2984 ’

296 3053 381 3109 Voss.
399 3055 439 3108 A:
457 3055 594 3128 legionen.
611 3084 646 3096 -
668 3060 712 3107 ric.
735 3055 820 3108 Voss.
839 3057 879 3108 A:
897 3061 929 3107 st.
946 3086 979 3096 -
1001 3057 1086 3111 Voss.
1105 3057 1143 3110 B:
1166 3060 1294 3112 Lenmca
1308 3078 1358 3130 pu-
1397 3053 1398 3062 ’

292 3157 359 3211 gna.
377 3169 412 3182 -
429 3143 556 3192 sonorum
571 3139 779 3192 lacedaemona.
796 3138 885 3192 llam:
903 3139 1104 3196 Lacedaemonii
1119 3148 1256 3198 sociorum.

744 3223 815 3292 Gap.
839 3223 908 3280 vtt.
1224 3291 1226 3298 y

364 3305 391 3374 ἕ.
417 3309 441 3361 1.
476 3307 736 3378 computantem.
770 3307 819 3362 Sic
841 3307 919 3362 Dan.
942 3306 997 3362 Gn.
1025 3307 1083 3361 Ax.
1106 3307 1192 3364 Voss.
1211 3310 1246 3364 Α.
1269 3309 1303 3364 tt.
1327 3341 1359 3352 -

296 3386 379 3443 teto.
396 3393 423 3445 2.
443 3389 495 3448 Ed.
509 3389 584 3444 Uitr.
603 3393 634 3444 et
650 3389 723 3444 Edd.
742 3395 810 3446 ante
827 3391 942 3446 Bacch:
953 3389 1044 3460 fuisse
1061 3399 1145 3446 auten
1153 3401 1312 3465 patientem.
1326 3427 1360 3438 -

290 3472 443 3543 praefecere
459 3480 590 3529 exercitui.
607 3475 656 3528 Sic
674 3475 749 3528 Dan.
771 3476 823 3529 (iu.
841 3476 898 3530 Ax.
918 3475 971 3529 Ed.
990 3474 1086 3548 Long.
1102 3472 1178 3531 ultr.
1190 3508 1225 3520 -
1240 3477 1358 3534 Lamon

296 3562 421 3608 euerritur!
433 3557 593 3632 praeficere.
608 3587 644 3599 ·-
666 3559 720 3612 Ed.
742 3577 785 3630 pr.
806 3565 903 3631 utroq.
927 3561 995 3614 Por.
1012 3559 1079 3615 Ald.
1104 3569 1230 3614 exercitui
1246 3580 1306 3616 om.
1326 3595 1360 3608 -

258 3651 261 3660 '
297 3640 351 3694 (itt.
368 3647 410 3693 tui
425 3646 492 3709 post
508 3647 575 3692 cit-cs
592 3640 682 3696 addit.
700 3671 735 3686 --
753 3652 820 3698 essct
836 3645 947 3698 deducta
962 3665 1014 3698 ret.
1033 3645 1109 3698 Dan.
1129 3645 1205 3699 Gffi:
1225 3657 1297 3699 estet
1313 3649 1359 3700 dc·

294 3725 373 3777 ductu
388 3726 436 3778 ttta
451 3725 585 3784 multitudo
600 3728 716 3780 militurn.
738 3757 773 3770 -
796 3729 865 3782 Gur
887 3737 956 3782 cruet
977 3729 1088 3782 deducta
1110 3731 1158 3784 itta
1179 3733 1306 3784 mudum
1326 3763 1361 3774 -

294 3808 375 3862 Leto.
396 3813 424 3864 1:
448 3816 515 3863 creet
536 3808 646 3864 deducte
666 3813 715 3864 illa
735 3815 843 3865 militurn
859 3812 1000 3866 multitudo.
1018 3841 1052 3854 -
1074 3811 1174 3867 Boecl.
1192 3815 1250 3887 Ax.
1271 3816 1360 3870 Voss.

294 3895 330 3946 Α.
348 3893 467 3950 Ιιθίᾱ.2.
485 3892 537 3946 Ed.
554 3910 598 3963 pr.
617 3894 684 3948 Atd.
703 3896 771 3950 Par.
789 3895 885 3970 Loug.
904 3895 1017 3960 Lamina
1036 3904 1104 3950 esset
1120 3898 1231 3952 deductu
1246 3919 1293 3952 res
1311 3903 1361 3952 tlla

292 3977 409 4030 rnilitum.
424 4007 459 4020 -
481 3969 566 4032 Voss.
590 3977 623 4031 B.
647 3979 703 4034 Ed.
721 3979 812 4034 ultr-,r
835 3990 903 4036 esset
923 3981 1034 4034 deducta
1055 3999 1099 4033 rer
1120 3985 1237 4035 militam.
1255 4013 1290 4024 -
1313 4005 1361 4036 nu-

292 4076 363 4110 mm
380 4062 477 4114 mtlttr‘t.
507 4060 555 4114 Sic
574 4062 626 4116 (iu.
645 4063 703 4116 Ax.
720 4064 819 4120 Boecl.
838 4066 924 4119 Voss.
943 4066 977 4118 A.
995 4062 1029 4118 B.
1055 4064 1136 4120 teto.
1153 4071 1180 4123 2.
1205 4067 1261 4122 tto.
1280 4067 1361 4124 Uitr.

292 4169 326 4184 -
343 4141 397 4196 lid.
416 4144 497 4216 Meg.
515 4145 614 4216 lieno.
634 4147 941 4216 nicromantiam.
