2808 4706
246 245 266 304 4

247 393 412 463 notisdmi
434 389 577 460 editores
600 390 818 480 spectaverint
835 385 964 478 cuiqne'
983 387 1315 458 neutdestinarerinc

247 535 324 580 snas
346 511 506 580 editiones
529 510 791 588 consideraverit,
813 509 890 576 illud
914 507 1082 597 qued'dirri
1096 530 1210 584 venua
1232 526 1315 578 esse

248 627 403 722 intelliget
429 651 469 698 ac
491 631 629 720 plurima
655 629 696 696 ad
725 629 904 717 perlectam
925 627 1173 716 absolutamque
1194 649 1316 696 recen-

143 781 146 784 ·
249 752 376 818 sionem
402 750 516 817 relicta
542 749 641 817 luisse
668 747 838 816 concedet.
880 746 1074 834 Superiores
1096 748 1183 816 enim
1205 746 1316 815 edito-

249 891 304 939 res
330 889 526 959 quamquam
554 869 654 934 multa
675 863 896 946 emendarent,
915 867 1041 948 emen,
1070 887 1151 934 cum
1170 889 1213 933 ex
1241 868 1315 956 qui-

250 987 394 1056 buslibet
413 986 466 1054 vel
491 983 643 1073 pessimis
663 984 835 1053 codicibus
855 1005 937 1074 qnae
964 986 1002 1052 iis
1030 986 1152 1073 placuit
1171 987 1315 1074 scriptu·

250 1129 304 1176 ras
326 1099 523 1195 reciperent,
549 1103 620 1172 fieri
641 1125 706 1172 nou
728 1104 843 1193 potuit,
875 1103 952 1191 qaia
973 1101 1036 1172 hae
1059 1105 1143 1174 vitae
1165 1106 1316 1174 versico-

251 1219 322 1294 lore
339 1219 672 1315 quodam'verborum
689 1223 799 1290 habita
813 1223 1014 1304 vestirentur,
1036 1226 1179 1312 qoemsi
1197 1235 1314 1291 erector

251 1333 475 1423 revivisceret,
501 1345 670 1411 sirenum
688 1363 768 1414 ⁴esse
789 1343 993 1432 agnosceret
1034 1344 1208 1410 Novissimi
1229 1365 1313 1411 vero

253 1463 396 1532 editores
422 1474 477 1539 aut
502 1474 637 1552 propter
663 1447 925 1551 superstitionem
953 1461 1200 1551 «praeduratam
1220 1463 1313 1552 quod

252 1584 391 1652 maxime
412 1605 507 1651 asum
528 1581 763 1650 scholasticam
776 1575 969 1668 spectabant
982 1583 1070 1663 illam
1083 1583 1313 1648 recensionem

252 1704 450 1774 retinueram
475 1701 532 1767 bic
556 1700 621 1766 illic
644 1697 846 1788 quibasdam
860 1701 1002 1780 mutetis,
1031 1701 1149 1790 quibus
1171 1701 1314 1790 aliquam

191 1817 193 1821 ’
246 1821 316 1891 ¹sibi
344 1819 386 1888 de
408 1820 624 1910 grammaticis
637 1818 752 1886 ‘rebus
774 1817 958 1887 disserendi
982 1819 1167 1890 facultatem
1189 1819 1318 1888 habere

253 1940 448 2010 viderentur.
496 1935 644 2006 Critic‘een
672 1937 799 2027 partem
826 1939 942 2006 Rosius
967 1939 1151 2007 absolvisse
1178 1939 1314 2006 videba-

199 2070 203 2078 ‘
255 2073 321 2128 tar:
338 2081 455 2150 neque
476 2059 704 2148 Heusingerus·
723 2039 832 2146 neque
854 2056 1026 2139 Bardilius,
1054 2059 1109 2147 qni
1136 2060 1251 2128 merito
1279 2060 1315 2126 in
1392 2126 1397 2143 ,

255 2179 367 2269 primis
388 2173 502 2248 henim
523 2178 659 2246 vitarum
678 2178 928 2266 'sospitatoribus
958 2189 1180 2258 numerariae,
1206 2189 1315 2248 extre-
1344 2157 1347 2160 Ι
1393 2212 1396 2237 ι

256 2305 343 2366 mam
375 2319 505 2364 manum
536 2297 704 2385 imponere
734 2296 911 2366 voluerunt
962 2297 1178 2368 sareanen
1195 2310 1314 2368 antem
1393 2266 1398 2395 ἱ

257 2439 380 2509 operae
407 2419 460 2488 vix
488 2437 571 2506 opas
598 2427 663 2496 est,
688 2427 725 2482 ut
750 2417 950 2486 mentionem
968 2417 1093 2486 lacimu'
1134 2419 1215 2486 Nam
1237 2440 1317 2486 cnm

175 2515 179 2526 ’
255 2539 309 2606 ille
330 2537 428 2604 homo
449 2547 583 2626 propter
609 2536 728 2628 ingenii
749 2535 932 2606 tarditatem
954 2535 1089 2606 codices
1111 2537 1314 2628 suosnegli-

249 2647 449 2754 gentissi'me¹
464 2655 672 2744 inspexisset,
696 2667 765 2723 turn
786 2655 863 2724 nibil
884 2656 972 2724 aliud
992 2657 1055 2725 nisi
1075 2653 1107 2724 in
1127 2656 1315 2746 magnain-

256 2774 451 2864 eonditaque
472 2775 713 2842 onmtatiooum
733 2775 822 2846 mole
841 2797 878 2844 se
896 2775 1041 2865 jactabat
1064 2789 1099 2846 et
1118 2776 1175 2844 ubi
1191 2776 1314 2846 rectius

256 2891 377 2985 aliquid
397 2891 440 2962 ab
462 2892 663 2984 Heusingero
692 2894 899 2970 dormitatum
912 2892 1222 2990 vidissctoonvicia
1242 2897 1313 2965 viro
1397 2883 1398 2906 ³

255 3013 454 3095 doctissime,
472 3011 503 3079 toff
523 3015 571 3092 stirs
593 3011 619 3084 ir
640 3015 729 3084 luatis
747 3013 784 3080 erl
805 3016 966 3095 declimate
986 3017 1143 3098 penalem
1166 3015 1315 3084 molebat
1397 3069 1398 3072 ,

254 3132 373 3213 lacere,
395 3153 493 3222 qoam
512 3131 556 3201 ab
578 3132 633 3214 illo
654 3131 793 3202 indicata
809 3133 945 3221 vestigia
957 3133 1062 3222 sequi
1100 3135 1149 3204 De
1166 3134 1314 3203 Daoboio
1397 3105 1399 3160 l

254 3269 320 3318 non
340 3251 442 3340 magis
465 3270 549 3339 opas
570 3263 621 3320 est
648 3263 684 3320 nt
703 3250 849 3338 pluribus
870 3250 986 3326 dicem
1028 3253 1070 3322 lis
1091 3275 1129 3324 se
1150 3255 1315 3335 continent,

174 3425 177 3435 .
256 3369 427 3457 quaejam
454 3368 496 3438 ab
521 3369 593 3438 aliie
615 3369 788 3440 emendata
809 3369 1015 3454 videbantur,
1042 3395 1105 3442 neo
1132 3374 1221 3451 ultra
1236 3397 1315 3465 pro-

256 3484 378 3558 cedere
399 3509 498 3558 eveus
519 3500 576 3557 est
632 3489 657 3523 ’·
967 3499 971 3506 ’

337 3607 427 3675 llaec
455 3607 549 3697 igitur
575 3608 632 3676 tait
645 3604 772 3679 'haum
798 3611 933 3680 vitam
960 3613 1116 3694 conditio,
1143 3633 1219 3682 cum
1247 3635 1313 3704 ego

177 3747 179 3752 ·
254 3727 392 3815 primum
418 3724 559 3796 animum
588 3727 631 3797 ad
657 3729 958 3814 eascmendantlas
981 3735 1097 3824 appuli.
1140 3733 1313 3824 Reliquam

254 3855 318 3925 est,
349 3856 386 3912 ut
410 3843 453 3915 de
481 3847 604 3917 radone
634 3869 757 3939 operae
787 3871 808 3917 a
836 3871 902 3920 mer
917 3853 947 3920 in
976 3854 1013 3920 iis
1027 3853 1166 3941 positae
1195 3853 1313 3922 dicam.

253 3964 299 4031 dc
319 3964 457 4051 primam
475 3966 607 4056 quidem
626 3967 794 4038 consilium
816 3967 879 4049 tuit
903 3991 976 4038 cum
989 3991 1119 4040 omnem
1135 3972 1312 4042 lectionum

253 4079 447 4160 varietatem¹
471 4085 692 4179 collegissem,
722 4086 846 4162 addere
874 4092 1153 4174 commentarium,
1183 4093 1216 4160 in
1243 4115 1311 4183 quo
