2816 4682
315 321 418 380 XXV.
451 319 488 380 Τ.
507 321 700 402 Pomponius
721 323 855 383 Allicus.
1058 323 1115 385 251

58 467 204 536 noluerat
224 466 349 538 llorenti
371 471 414 538 illi
435 473 526 560 parti,
547 471 676 560 abjecto
691 473 788 540 Bruto
809 471 963 564 Italiaque
979 471 1117 554 cedenti,

55 571 237 640 sestertium
264 581 394 639 eentum
420 574 518 639 millia
543 573 669 639 muneri
693 572 785 640 misit
828 573 940 642 Eidem
967 576 998 642 in
1020 577 1116 665 Epiro

56 670 177 740 absens
200 682 344 740 trecenta
361 675 457 760 jussit
479 673 677 761 dariaeque
700 694 741 740 eo
763 675 866 763 magis
893 678 1017 762 potenti
1038 677 1117 746 adn-

55 774 139 840 latus
162 783 214 840 est
234 774 370 840 Antonio
391 795 500 864 neque
523 773 715 862 desperatos
737 776 872 865 reliquit.

146 875 222 963 Cap.
242 875 290 941 lX.
333 877 488 944 Secutum
509 886 559 944 est
579 875 701 942 bellum
719 888 845 966 gestum
862 875 949 967 apud
962 877 1117 962 ¹Mutinam.
1135 895 1151 948 1

53 981 92 1044 In
122 997 187 1066 quo
216 977 391 1044 sitantum
421 1000 495 1046 eum
521 977 714 1068 prudentem
742 977 862 1060 dicam,
889 979 993 1046 minus
1021 1002 1119 1069 quarn

55 1079 202 1147 debeam
223 1077 419 1166 praedicem,
441 1099 515 1146 eum
536 1077 590 1146 ille
611 1080 718 1168 potius
739 1079 865 1148 divinus
886 1081 994 1161 luerit,
1020 1083 1048 1149 si
1071 1081 1120 1149 di-

56 1181 177 1250 vinatio
206 1179 399 1269 appellanda
427 1190 478 1248 est
504 1192 663 1269 perpetua
688 1183 841 1250 naturalis
867 1183 1007 1264 bonitas,
1033 1205 1118 1274 qrrae

55 1284 153 1350 nullis
187 1282 317 1349 easibns
351 1283 454 1371 agitur
485 1304 594 1371 neque
625 1283 782 1350 minuitur.
831 1286 938 1352 Hostis
966 1288 1153 1354 Antoninsu

51 1383 315 1475 judicatosltalia
338 1393 497 1450 cesserat:
520 1405 598 1472 spes
618 1383 809 1451 restituendi
829 1383 915 1452 nulla
938 1398 1014 1453 erat
1049 1391 1120 1456 Non

55 1487 166 1554 solum
187 1484 283 1576 [ejus]
306 1483 435 1562 inimici,
464 1485 519 1572 qui
546 1495 614 1552 tum
640 1495 731 1554 erant
756 1487 967 1574 potentissimi
996 1499 1030 1556 et
1050 1490 1121 1577 pln-

56 1590 148 1666 rimi‚
175 1585 236 1654 sed
259 1587 355 1654 etiam
377 1585 432 1675 qui
460 1584 654 1654 adversariis
677 1589 748 1676 ejus
769 1609 807 1656 se
829 1587 950 1656 dabant
971 1600 1004 1657 et
1023 1590 1054 1657 in
1078 1611 1119 1658 eo

56 1689 223 1758 laedendo
259 1678 399 1778 aliquam
434 1699 667 1756 consecuturos
702 1689 878 1778 sperabant
910 1691 1121 1760 commodita-

57 1807 145 1871 tem,
173 1792 296 1857 Antonii
321 1789 493 1856 familiares
519 1790 788 1878 insequebantur,
814 1813 950 1860 uxorem
978 1794 1121 1862 Fulviam

59 1893 210 1962 omnibus
236 1891 337 1960 rebus
363 1891 503 1980 spoliare
526 1893 712 1982 cupiebant,
737 1894 859 1962 liberos
886 1897 981 1962 etiam
1003 1897 1122 1966 exstin-

59 2017 163 2086 guere
190 1993 352 2084 parabant
395 1993 515 2060 Atticus
542 2014 617 2060 eum
639 1996 803 2064 Ciceronis
830 1997 938 2064 intima
962 1997 1155 2065 familiari-³

59 2109 126 2168 tate
155 2106 311 2175 uteretur,
338 2095 550 2164 amicissimus
578 2107 668 2166 esset
691 2098 803 2181 Bruto,
829 2118 895 2167 non
920 2099 1019 2169 modo
1045 2101 1122 2170 nihil

518 2330 587 2400 Cap.
612 2331 666 2386 lx.

132 2415 158 2485 fi.
176 2417 202 2472 1.
229 2415 368 2468 Murenam.
391 2413 444 2468 Gn
463 2414 540 2469 Med.
558 2419 626 2471 1.1.
644 2417 731 2472 Voss.
749 2419 790 2473 Aa
807 2417 967 2472 Nentdtam.
983 2447 1017 2462 -
1035 2419 1121 2477 Voss.

63 2503 102 2557 G:
120 2500 267 2554 Mnudtom.
284 2527 319 2540 -·
335 2517 391 2552 eunt
407 2500 460 2552 tlte.
484 2498 570 2553 Voss.
590 2500 628 2554 G:
645 2520 797 2572 qumquam
813 2505 866 2558 ille.
884 2531 918 2546 -
944 2510 1044 2575 agitur.
1073 2506 1122 2559 Sin

63 2587 118 2639 Gn.
139 2583 196 2636 Gis.
220 2582 352 2637 Alendus.
377 2582 458 2636 Leid.
476 2587 502 2639 1.
520 2583 608 2638 Voss.
627 2585 660 2638 0.
680 2590 710 2639 et
728 2603 828 2641 omnes
845 2587 918 2640 Edd.
936 2593 1005 2642 anto
1022 2588 1122 2643 bamb.

61 2701 96 2712 -
114 2669 169 2722 Ms.
188 2667 300 2721 Bruta
318 2685 398 2738 neque
416 2673 542 2739 agitatur.
559 2696 594 2710 -
611 2668 696 2723 Voss.
708 2671 749 2722 A:
769 2679 888 2744 augetur.
905 2701 940 2713 -
957 2671 1011 2726 lid.
1023 2672 1121 2728 bamb.

61 2758 95 2807 nt
113 2751 220 2823 vulgo:
237 2769 317 2822 neque
334 2755 433 2823 agita·-
449 2779 484 2794 -
500 2749 555 2803 lid.
576 2751 668 2806 Gebb.
686 2753 811 2808 linurin:
828 2755 930 2807 castlm
947 2763 1067 2827 nugetur.

132 2835 159 2904 ἕ.
176 2841 202 2894 1.
237 2834 397 2888 restituendt.
433 2833 506 2887 Laid
519 2837 552 2888 2:
576 2837 745 2890 restituendo.
762 2863 798 2876 -
814 2839 871 2906 eju
887 2843 989 2889 inimici.
1012 2837 1061 2889 Sie
1078 2838 1124 2890 vi·

62 2923 149 2974 detur
169 2919 225 2973 ets.
246 2917 379 2971 lllendos.
401 2917 456 2971 lid.
481 2917 583 2971 Lamb.
607 2918 719 2973 Sebott.
742 2918 844 2972 Bueel.
867 2947 903 2961 -·
925 2922 978 2974 Gn.
996 2919 1078 2974 Leid.
1095 2926 1122 2977 1.

62 3007 150 3058 Voss.
167 3003 202 3055 A.
222 3002 255 3056 0.
278 3006 373 3070 ntraq.
395 3017 440 3070 pr.
460 3003 549 3057 Corn.
568 3002 755 3075 Arg.1.ong.
774 3006 831 3074 eju
848 3018 904 3056 om.
928 3033 963 3046 -
985 3011 1047 3059 nm.
1074 3005 1124 3057 Sie

63 3090 118 3141 Gn.
138 3087 271 3140 Alaudas.
289 3085 342 3138 Ed.
361 3101 391 3154 p.
408 3101 431 3138 s.
443 3100 470 3138 a.
487 3115 523 3128 -
538 3087 625 3140 Voss.
636 3085 673 3140 c:
691 3087 757 3141 dm
776 3115 809 3128 -
827 3086 882 3140 lid.
899 3103 929 3157 p.
948 3085 1121 3144 1170110111.

61 3173 180 3244 Longa
200 3177 293 3222 tamen.
309 3197 346 3212 -··
362 3175 441 3220 ettam
458 3175 509 3240 qut.
527 3169 576 3222 Sin
594 3169 648 3223 Gn.
667 3169 749 3224 bold.
761 3173 787 3226 1.
806 3170 891 3224 Voss.
905 3173 941 3224 A.
954 3171 987 3226 0.
1007 3175 1037 3224 et
1049 3171 1123 3225 Edd.

62 3262 133 3310 ante
161 3253 273 3323 bamb,
302 3251 454 3322 quietim
477 3259 554 3306 anter
576 3254 672 3324 dedit,
697 3269 783 3324 quern
806 3255 898 3308 secuti
920 3259 987 3309 sunt
1010 3255 1122 3310 Schott.

62 3339 164 3395 Boeel.
183 3338 222 3391 al.
239 3365 273 3380 ·-
289 3338 346 3406 rjus
362 3354 397 3391 ee.
416 3337 502 3391 Voss.
518 3340 555 3392 A.
573 3358 602 3391 se
619 3353 675 3392 om.
694 3367 729 3380 -
745 3346 772 3391 at
788 3344 815 3390 tn
831 3355 869 3390 eo.
887 3337 1018 3392 Mendes.
1035 3340 1122 3393 Voss.

63 3426 97 3479 G.
119 3423 172 3476 Ed.
191 3438 220 3491 p.
238 3439 259 3475 s.
277 3436 303 3474 n.
328 3420 419 3490 antiq.
441 3419 525 3476 Brix.
548 3429 575 3476 et
596 3439 652 3475 om.
676 3447 712 3464 ·-
734 3423 856 3493 adquam.
883 3421 932 3476 Sie
950 3421 1003 3475 lin.
1023 3422 1121 3476 blond.

62 3508 146 3562 Laid.
164 3510 189 3563 1.
212 3506 297 3560 Voss.
315 3505 352 3557 A.
371 3503 405 3558 0.
428 3508 524 3575 uta-aq.
548 3522 591 3576 pr.
614 3507 711 3580 Long.
733 3535 769 3548 -
790 3505 888 3559 bamb.
914 3510 944 3560 et
965 3521 1065 3575 seqq.:
1089 3523 1123 3556 se

62 3595 186 3664 aliquam.
204 3619 240 3632 -
261 3589 315 3642 Ed.
333 3589 421 3643 Gom.
440 3588 514 3660 Arg.
531 3588 641 3644 Bardil.
658 3610 687 3645 se
710 3595 778 3645 aulo
794 3589 935 3662 sperabant
950 3589 1070 3642 addunt.
1087 3614 1123 3628 -··

62 3673 278 3729 commoditatem.
306 3672 355 3726 Sis
373 3671 426 3724 Gn.
445 3671 525 3725 Leid.
537 3675 564 3727 1.
582 3672 668 3728 Voss.
685 3674 720 3726 A.
742 3673 773 3730 0.
798 3679 828 3728 et
845 3673 918 3726 lidd.
930 3687 1035 3726 omnes
1053 3675 1122 3724 ento

62 3760 133 3813 Bos.
151 3788 187 3800 —
205 3756 261 3810 Gli.
278 3761 312 3811 ut
328 3755 426 3829 vulga
448 3757 698 3808 commendationem.
721 3785 756 3798 -
778 3757 858 3810 bold.
880 3760 908 3811 i:
926 3755 1125 3807 commendatio-

62 3862 122 3896 nem
137 3843 180 3896 nel
194 3841 408 3894 comrnodltatem.
424 3867 459 3882 -·-
480 3835 761 3906 Antonitsnmr'liaree.
790 3841 838 3893 {io
857 3839 909 3891 (iu.
928 3837 985 3892 (iii.
1005 3837 1084 3890 Leid-
1100 3839 1123 3891 1.

62 3933 89 3982 1.
109 3926 196 3980 Voss.
215 3926 250 3978 A.
270 3924 303 3978 (l.
323 3924 376 3976 lid.
395 3940 423 3992 p.
443 3939 466 3977 s.
488 3939 514 3977 u.
539 3923 630 3978 corn.
648 3923 722 3995 Arg.
746 3924 800 3977 Ed.
823 3941 852 3992 p.
877 3925 950 3979 1470.
969 3921 1065 3993 Long.
1089 3949 1125 3962 ·-·

64 4009 165 4064 Lamb.
184 4008 295 4062 Schott.
314 4005 431 4060 Bonel.=
449 4007 506 4075 ejus
514 4004 678 4074 familiares.
695 4035 730 4046 —
748 4007 840 4061 Gebb.
859 4006 983 4061 Keneb:
999 4001 1124 4072 snmtb'a-

62 4113 116 4148 νει.
134 4122 169 4135 -
185 4093 388 4164 insequebantur.
405 4090 454 4144 sie
473 4089 525 4143 Gu-
544 4089 601 4143 tiit.
620 4090 700 4145 laeid.
712 4094 737 4148 l·
755 4091 808 4147 Ed.
827 4107 856 4163 p.
870 4107 894 4147 1.
905 4106 932 4146 e.
949 4089 1038 4147 Guru-
1049 4090 1123 4164 Arg.

65 4205 99 4220 -·
117 4175 171 4232 lid.
189 4191 218 4246 p.
237 4178 312 4234 ltro.
331 4173 637 4250 nonprnqnotastv.
665 4200 668 4206 ·
