2816 4682
359 287 462 348 XXV.
498 287 535 347 Τ.
554 287 747 368 Pomponius
766 293 902 354 Atticus.
1102 297 1161 362 ²45

92 427 309 513 humanitate,
341 435 486 504 doctrina
504 427 701 525 'praestaret
732 459 865 522 omues,
894 460 976 508 unus
1004 444 1035 510 ei
1063 448 1159 531 [ante

92 531 193 622 alios]
217 535 311 602 suerit
333 539 526 604 carissimus.

178 636 254 723 Cap.
281 639 326 702 lV.
369 639 439 705 Huc
467 659 508 703 ex
534 637 609 703 Asia
637 637 725 704 Sulla
753 639 921 707 decedens
948 661 1022 710 eum
1049 651 1187 718 venis-l

88 745 156 813 set,
183 736 337 824 quamdiu
364 736 408 802 ibi
430 738 499 817 suit,
527 757 639 804 seeum
671 739 780 805 babuit
801 742 1012 826 Pomponium
1039 760 1153 834 eaptus

86 835 308 903 adolescentis
331 849 364 905 et
386 838 578 907 humanitate
602 852 635 907 et
655 839 808 909 doctrina.
852 841 905 907 Sic
927 841 1012 908 enim
1025 845 1152 914 Graece

86 935 302 1023 loquebatur,
335 950 370 1004 ut
401 941 532 1008 Athenis
564 952 656 1007 natus
689 941 860 1010 videretur.
913 943 1011 1010 'santa
1043 956 1152 1015 autem
1271 1021 1275 1030 ,

86 1037 230 1104 suavitas
258 1051 327 1106 erat
355 1043 512 1109 sermonis
538 1043 654 1122 Latini,
680 1053 716 1109 ut
740 1053 915 1132 appareret
942 1044 974 1109 in
1002 1066 1043 1113 eo
1072 1049 1152 1115 neti-

85 1160 163 1212 eum
187 1140 361 1226 quemdam
382 1142 529 1230 leporem
551 1165 641 1224 esse,
662 1165 728 1212 non
749 1145 915 1214 adscitum.
958 1143 1049 1216 Idem
1069 1169 1151 1235 pee-
1225 1207 1227 1211 ,

86 1250 172 1305 mata
195 1243 420 1328 pronuntiabat
442 1257 475 1312 et
488 1245 614 1313 Graece
637 1255 672 1312 et
687 1246 796 1312 Latine
819 1247 875 1324 sie,
896 1255 932 1310 ut
952 1267 1051 1335 supra
1071 1249 1148 1316 nibil

85 1353 200 1427 posset
220 1341 305 1410 addi.
347 1345 471 1423 Quibus
493 1344 593 1412 rebus
614 1346 808 1426 factumest
829 1355 864 1410 ut
878 1345 967 1413 Sulla
987 1365 1181 1437 uusquamn

86 1443 198 1532 [eum]
233 1445 276 1511 ab
308 1467 345 1512 se
382 1445 554 1514 dimitteret
586 1459 788 1536 cuperetque
824 1465 938 1514 seeum
970 1446 1146 1518 deducere.

84 1545 147 1622 Qui
169 1567 243 1613 eum
265 1547 468 1634 persuadere
489 1559 639 1617 tentaret:
669 1549 753 1628 Noli,
780 1569 839 1615 ere
861 1559 908 1626 te,
929 1547 1031 1637 inquit
1050 1551 1147 1618 Pom·

83 1647 213 1734 ponius,
240 1647 414 1716 adversum
436 1671 495 1716 ees
518 1671 571 1719 me
592 1649 676 1718 velie
700 1649 841 1729 ducere,
865 1669 939 1717 eum
961 1647 1079 1738 quibus
1100 1673 1144 1719 ue

83 1758 196 1814 contra
228 1758 260 1816 te
294 1770 384 1818 arura
415 1752 535 1818 ferrem
565 1753 685 1819 ltaliam
713 1751 835 1841 reliqui.
882 1753 922 1818 At
947 1749 1037 1818 Sulla
1063 1751 1144 1818 ado·
1206 1819 1209 1828 ,

82 1849 235 1918 lesceutis
257 1851 363 1922 eifieie
387 1853 569 1923 collaudate
591 1853 698 1921 omnia
719 1851 852 1922 munera
874 1852 917 1933 ei,
939 1873 1024 1945 quae
1046 1851 1143 1924 Athe·

82 2065 286 2082 utu—uuna·-

82 2207 165 2262 Leid.
184 2211 210 2262 1.
235 2207 288 2261 Gn.
319 2209 377 2265 Gis.
400 2216 460 2262 ente
482 2212 549 2262 aliea
572 2225 646 2279 eru.3
675 2223 750 2278 quae
773 2209 863 2264 rerba
885 2202 1043 2276 pleraeque
1065 2208 1139 2264 Edd.

80 2295 336 2445 :piaptjppentt
355 2293 474 2349 babent.
492 2322 526 2334 -
540 2289 638 2360 suerit.
663 2291 712 2344 Sie
732 2291 824 2348 codd.
841 2296 872 2346 et
888 2290 979 2361 de.;
995 2291 1138 2370 Heusiug.

537 2525 609 2595 Cap.
631 2519 684 2580 IV.

150 2625 175 2695 ἦ.
195 2628 219 2681 1.
255 2628 324 2678 Huc.
345 2626 430 2680 Voss.
449 2626 489 2678 A:
507 2625 579 2678 bunc.
596 2655 629 2668 -
648 2625 732 2678 Sella.
750 2622 799 2676 Sie
818 2623 873 2678 (iu.
891 2623 944 2677 Ed.
962 2641 990 2694 ιι.
1012 2627 1088 2681 tete.
1105 2655 1140 2668 -

80 2710 133 2764 Ed.
151 2709 260 2776 antiq.:
280 2711 410 2762 81111-
433 2709 488 2762 lid.
507 2707 589 2762 Brix.
608 2709 676 2761 Par.
696 2707 807 2762 bamb:
827 2708 913 2778 Sylla.
932 2737 966 2748 -
988 2725 1043 2758 eum
1059 2715 1141 2762 vente·

78 2801 126 2844 set.
144 2792 226 2846 Leid.
242 2795 273 2846 2:
298 2799 463 2869 coemisset.
485 2821 520 2832 —
542 2792 669 2862 quamdiu.
695 2790 749 2842 Ed.
767 2805 796 2858 ιι.
814 2805 838 2842 e.
857 2806 883 2843 ιι.
902 2789 994 2858 antiq.
1013 2789 1093 2842 Jens.
1111 2807 1138 2844 ιι.

82 2880 163 2932 14781
180 2881 308 2947 queniam.
323 2904 359 2916 -
381 2881 407 2926 et
422 2875 588 2926 humanitate.
612 2875 661 2926 Sie
680 2873 733 2926 Gn.
752 2888 909 2942 omnesque
928 2873 1001 2926 Edd.
1021 2879 1139 2941 praeter

79 2960 206 3029 uenena
231 2973 305 3027 quae
323 2965 350 3012 et
367 2975 424 3012 οιιι.
448 2989 483 3000 -
508 2959 596 3010 Tanta
613 2963 705 3009 autem.
733 2957 813 3009 Leid.
827 2956 856 3012 2.
880 2957 933 3009 Ed.
958 2957 1039 3008 dens.
1060 2959 1138 3012 14181

81 3047 172 3096 Tanta
189 3049 278 3095 enim.
294 3048 465 3103 *euentus
481 3048 547 3096 erut.
576 3041 625 3094 Sie
644 3039 696 3092 Gn.
717 3039 926 3093 deterendos.
949 3039 1003 3098 Ed.
1021 3055 1049 3106 p.
1068 3055 1091 3092 s.
1110 3056 1137 3093 u.

77 3129 160 3181 Jens.
180 3128 256 3185 1478.
273 3124 356 3178 Brix.
375 3123 474 3177 hub.
491 3124 529 3178 ιιΙ.
547 3153 583 3166 -
600 3123 655 3176 Ed.
673 3140 702 3190 p.
720 3138 748 3175 e.
768 3125 842 3178 1470.
859 3122 928 3176 Par.
945 3122 1058 3194 Longa
1080 3125 1140 3174 eret

78 3216 203 3263 auuettee.
219 3236 254 3248 -
279 3210 380 3260 Graece
403 3216 429 3260 et
445 3209 548 3259 Latine.
569 3206 653 3260 Voss.
673 3205 711 3258 c:
732 3225 882 3277 genereque
904 3207 993 3258 latine.
1009 3233 1042 3248 ··
1065 3206 1137 3258 eddi.

77 3295 128 3346 sie
152 3293 206 3344 tiu.
231 3291 289 3344 Gis.
311 3291 445 3345 Mendes.
474 3291 552 3344 Med.
572 3293 596 3345 1.
614 3294 640 3344 2.
669 3288 750 3342 tete.
770 3293 797 3343 1.
821 3289 905 3343 Voss.
925 3292 962 3344 Α.
986 3293 1017 3342 et
1039 3303 1139 3344 omues

78 3377 154 3430 Edd.
172 3379 242 3429 ante
258 3375 360 3428 Lamb.
376 3402 412 3440 Ι--
428 3374 514 3428 Voss.
533 3373 567 3428 G.
584 3373 639 3426 Ed.
657 3371 758 3426 bamb.
776 3371 814 3426 el.
834 3373 897 3426 eddi·
913 3389 970 3426 eru.

148 3459 175 3528 ᾗ.
194 3462 221 3514 1.
255 3475 387 3528 umquem.
421 3457 470 3510 Sic
493 3457 546 3511 Gn.
573 3456 629 3510 tiis.
652 3455 734 3510 Leid.
751 3459 777 3510 2.
801 3455 878 3510 Med.
898 3459 922 3512 1.
940 3461 966 3512 2.
991 3461 1022 3510 et
1038 3471 1139 3510 emnee

77 3551 148 3599 aute
167 3542 276 3612 Genu,
294 3539 487 3610 quiunquam
505 3538 596 3608 dedit,
615 3538 800 3607 quodetiam
817 3539 870 3594 Me.
887 3541 1020 3594 Mendes.
1039 3539 1137 3593 babet.

77 3659 110 3670 —
131 3626 165 3680 ed
182 3645 219 3678 se.
245 3625 296 3678 Sie
315 3623 368 3676 Ge.
387 3623 521 3676 Mendes.
544 3621 627 3675 Leid.
642 3626 670 3676 2.
695 3621 779 3678 Vess.
798 3624 834 3678 A.
854 3623 889 3678 G.
906 3623 960 3678 Ed.
978 3637 1023 3690 pr.
1040 3625 1139 3688 etr-aq.
1185 3681 1187 3686 ¹

78 3708 269 3783 rtrg.1.umb.
288 3708 325 3761 al.
337 3735 371 3749 -·
387 3705 441 3760 lid.
462 3705 558 3776 Leng.
578 3702 685 3756 Genu:
704 3724 720 3755 a
737 3723 774 3757 ee.
790 3733 825 3747 ·-
843 3705 897 3758 eu.
916 3704 1032 3759 beidi.
1053 3703 1138 3756 Voss.

76 3799 110 3850 G.
132 3798 163 3846 et
180 3807 280 3846 omnes
298 3793 366 3843 ante
385 3788 485 3842 bamb.
504 3805 560 3842 aar
578 3802 633 3840 em.
653 3815 687 3826 —
704 3786 789 3841 Voss.
804 3787 841 3840 c:
859 3795 963 3856 caperet
979 3792 1040 3856 quta
1056 3804 1140 3840 secem

76 3879 224 3931 deduceret.
242 3903 277 3917 -
297 3877 349 3935 Qut
365 3891 429 3925 eene.
446 3871 496 3923 Sic
514 3868 567 3922 Gu.
588 3867 670 3923 [eid.
688 3873 714 3924 2.
734 3868 819 3924 Voss.
837 3869 874 3922 Α.
893 3867 927 3922 G.
945 3869 999 3922 Ed.
1018 3885 1046 3938 ιι.
1065 3871 1138 3922 itte.

77 3964 150 4031 Arg.
170 3959 266 4032 bereg.
284 3985 319 3998 -
342 3954 395 4010 Ed.
413 3971 440 4024 p.
460 3971 482 4008 ιι.
503 3967 546 4008 tu:
571 3958 614 4022 qut
631 3957 700 4022 quen.
720 3979 756 3992 -··
779 3950 834 4008 Ed.
853 3950 1137 4008 deue.l·178·Puris.

76 4045 175 4098 Brix.:
199 4061 271 4114 quem
289 4059 352 4093 eene.
374 4067 409 4080 -
431 4037 486 4092 ΜΒ.
504 4034 601 4090 Ernst.
621 4034 720 4088 bamb.
739 4032 850 4090 Seuott.
875 4033 974 4090 Beeel.
994 4033 1078 4091 Bes-t
1100 4039 1141 4090 cet

76 4145 142 4180 cem.
160 4153 194 4168 -
207 4124 369 4195 persuadere
387 4129 507 4178 tentaret.
527 4149 559 4162 ·-
577 4118 633 4176 Me.
651 4118 762 4176 Ernst:
780 4117 951 4174 dissuaderet.
