2816 4682
292 297 351 359 258
684 289 822 348 t‘ornelii
840 285 974 365 Nepotis
1050 286 1056 296 '
1079 277 1091 301 '

293 431 524 536 possessiones
550 441 582 507 in
610 442 864 529 proscriptorum
891 455 1061 503 numerum
1087 436 1161 502 ae
1184 436 1364 517 Volumnio,

294 546 461 637 praelecto
488 543 613 611 labrum
640 543 778 620 Antonii,
814 540 983 606 absentem
1017 538 1153 606 relatum
1188 541 1362 627 expedivit.

260 648 391 729 sQuod
423 649 453 712 in
485 646 649 733 praesenti
683 653 788 711 utrum
815 642 845 709 ei
866 641 1080 719 laboriosus,
1112 661 1153 707 an
1189 642 1362 729 gloriosius

295 751 390 818 luerit
412 747 542 818 dillioile
563 749 619 814 luit
637 748 793 836 judicare,
817 743 906 831 qnod
928 744 958 808 in
984 763 1097 810 eorum
1119 746 1280 831 periculis
1303 767 1360 812 nou

295 873 393 922 secus
417 849 570 918 absentes
592 869 689 938 quum
716 856 907 935 praesentes
934 846 1056 914 amieos
1078 846 1182 914 Attiou
1208 867 1289 916 esse
1311 869 1361 915 cu-

295 977 353 1023 rae
376 954 539 1042 cognitum
560 962 618 1018 est.

262 1078 278 1132 l
385 1058 460 1143 Cap.
481 1055 555 1119 Xlll
597 1053 712 1140 Neque
738 1069 820 1118 vero
847 1051 951 1118 minus
979 1050 1031 1117 ille
1053 1050 1235 1118 virbonus
1258 1063 1361 1140 pator-

295 1157 431 1226 lamilias
460 1154 586 1222 habitus
614 1166 665 1221 est
691 1174 789 1242 quam
816 1154 904 1220 oivis.
946 1154 1027 1220 Nam
1048 1171 1124 1221 eum
1149 1165 1245 1224 esset
1265 1175 1361 1243 pecu-

296 1262 427 1336 niosus,
459 1277 556 1324 nemo
589 1257 643 1324 illo
668 1260 772 1324 minus
799 1256 857 1322 luit
885 1275 993 1335 emax,
1028 1257 1131 1322 minus
1163 1256 1360 1324 aedificator.

296 1363 411 1450 Neque
438 1370 545 1428 tamen
573 1379 637 1428 non
666 1362 697 1427 in
724 1361 835 1448 primis
863 1359 949 1426 beno
970 1359 1124 1426 habitavit
1145 1360 1360 1449 omnibusque

263 1463 426 1552 aoptimis
456 1462 555 1529 rebus
585 1483 663 1530 usus
696 1473 755 1529 est.
808 1463 889 1528 Nam
918 1461 1049 1528 domum
1079 1459 1193 1528 habuit
1222 1462 1255 1527 in
1282 1461 1359 1528 eollo

297 1566 449 1646 Quirinali
470 1564 710 1652 Tamphilanam
737 1564 779 1630 ab
808 1563 966 1631 avunculo
993 1562 1174 1630 hereditate
1202 1564 1358 1636 relictam

297 1671 390 1757 eujus
413 1667 590 1734 amoenitas
612 1689 676 1734 non
695 1665 853 1744 aedificio,
874 1665 935 1732 sed
951 1666 1031 1732 silva
1043 1666 1222 1733 constabat.
1256 1668 1358 1754 lpsum

298 1773 385 1838 enim
407 1781 530 1837 tectum
550 1770 722 1858 antiquitus
740 1769 944 1836 eonstitutum
966 1769 1039 1856 plus
1062 1769 1138 1835 salis
1155 1789 1258 1857 quam
1281 1791 1358 1834 snm-

301 1883 375 1961 ptus
397 1871 554 1938 habebat:
577 1873 608 1937 in
630 1893 695 1960 quo
717 1871 792 1936 nihil
806 1871 1019 1948 commutavit,
1041 1871 1099 1936 nisi
1122 1871 1253 1960 siquid
1276 1883 1359 1940 vetu-

266 1982 542 2040 3statu‘eoaetus
565 1984 622 2040 est.
665 1974 747 2038 Usus'
771 1983 822 2038 est
847 1971 976 2052 familia,
1004 1973 1032 2041 si
1058 1973 1192 2042 utilitate
1216 1975 1359 2063 judican-

300 2075 377 2142 dum
395 2084 453 2155 est,
475 2075 609 2162 optima}
632 2075 659 2140 si
681 2075 792 2154 forma,
814 2075 866 2142 vix
889 2069 1052 2142 mediocri.
1095 2063 1247 2166 Namque
1272 2080 1303 2144 in
1323 2095 1358 2143 ea

300 2189 391 2248 erant
417 2177 509 2266 pueri
539 2177 770 2258 litteratissimi,
802 2189 997 2268 anagnostae
1027 2177 1138 2268 optimi
1170 2189 1205 2246 et
1237 2179 1356 2268 plurimi
1393 2265 1394 2274 ἵ

299 2278 433 2359 librarii,
460 2290 563 2347 utne
590 2279 792 2368 pedisequus
818 2281 950 2368 quidem
980 2281 1150 2370 quisquam
1178 2294 1284 2361 esset,
1310 2281 1357 2370 qui
1393 2277 1394 2325 t

368 2481 394 2550 ς.
412 2487 440 2538 5.
478 2481 556 2543 Quod
569 2485 595 2532 iu
607 2489 743 2551 praesenti
759 2491 852 2535 uuum.
869 2484 918 2536 Sie
930 2485 981 2537 liu.
1002 2487 1032 2538 ol
1049 2485 1179 2554 pler-aeq.
1200 2491 1275 2538 vett.
1291 2485 1355 2537 llll.
1392 2475 1393 2519 l

297 2597 332 2610 -
354 2566 409 2618 Ed.
439 2581 466 2633 p.
491 2584 513 2618 s.
538 2582 563 2618 a.
585 2565 665 2618 lens.
690 2568 764 2621 1478.
788 2565 870 2619 Brix.
893 2567 1003 2622 Parin:
1039 2569 1110 2640 quod
1132 2575 1300 2640 impetratum
1321 2575 1355 2632 ei,

298 2649 378 2717 qnod
402 2649 544 2720 lleusing.
568 2653 598 2704 et
617 2650 695 2703 'rita
721 2657 900 2720 receperunt.
924 2682 960 2692 -
981 2649 1034 2706 Ed.
1060 2653 1168 2722 antiq.:
1193 2653 1268 2723 quod
1284 2659 1355 2722 irnpe-
1391 2655 1392 2711 l

299 2739 388 2785 tratim
406 2739 447 2789 et

737 2819 808 2887 Cap.
833 2819 918 2874 xltt.

366 2899 394 2969 §-
413 2903 437 2956 l·
470 2901 563 2972 Neque
579 2918 640 2953 vero
658 2907 745 2958 minus.
781 2903 835 2956 Gn.
857 2903 914 2958 tiit.
933 2905 1064 2959 Mendes.
1083 2904 1165 2958 Leia.
1180 2909 1208 2960 2.
1227 2907 1312 2959 Voss.
1323 2903 1353 2957 A.

298 2983 352 3036 Ed.
371 2999 399 3052 p.
421 2987 496 3040 1470.
520 2992 601 3038 mim
624 3001 680 3038 om.
705 3015 737 3028 -·
766 2987 819 3040 tid.
838 3005 866 3057 p.
892 3007 914 3044 s.
933 3005 959 3042 a.
979 3010 1040 3042 veru
1058 3005 1115 3043 om.
1137 3019 1174 3032 ·-
1195 2989 1299 3043 halitu
1314 2997 1355 3042 est.

297 3067 380 3121 tutu.
397 3073 425 3124 2.
443 3075 483 3120 est
500 3085 557 3124 om.
575 3097 610 3112 ι-
626 3071 681 3122 illo.
702 3071 787 3124 Voss.
804 3075 846 3124 A:
868 3075 921 3125 illo.
1167 3107 1171 3114 ·

365 3151 392 3220 §·
410 3157 437 3208 2.
473 3157 499 3205 tn
517 3153 593 3206 colle.
626 3153 676 3206 Sic
694 3153 746 3206 (iu.
766 3155 844 3208 leid.
861 3161 888 3213 2.
907 3157 961 3211 Ed.
979 3171 1008 3226 p.
1027 3159 1104 3213 1470.
1121 3157 1197 3229 Arg.
1217 3155 1354 3211 Puris.-

297 3236 428 3294 nonnos.
453 3235 529 3291 ntea.
548 3239 573 3292 1.
591 3242 619 3293 2.
643 3239 728 3292 Voss.
749 3241 782 3292 Α.
802 3241 854 3311 (in
876 3257 970 3314 marg.
990 3243 1025 3294 al.
1042 3237 1138 3312 colle.)
1156 3243 1187 3295 G.
1214 3243 1268 3294 lid.
1288 3259 1316 3311 p.
1332 3257 1350 3293 s.

298 3335 325 3373 a.
343 3321 450 3389 antiq„
467 3321 548 3376 lens.
569 3323 644 3379 1178.
664 3323 752 3376 Corn.
773 3323 870 3378 lirim
886 3333 914 3377 in
927 3327 1007 3378 tullo.
1018 3353 1052 3368 .-
1073 3325 1285 3396 Pompilium-u
1303 3325 1351 3377 tiu.

299 3403 356 3456 Gis.
378 3404 458 3458 totu.
468 3409 495 3460 2.
513 3405 598 3460 Voss.
617 3406 653 3460 A.
679 3407 756 3459 Med.
774 3413 800 3462 2.
826 3409 880 3461 ltu.
906 3427 934 3478 p.
962 3415 1035 3466 tato.
1060 3411 1153 3479 antiq.
1176 3409 1258 3462 lens.
1284 3411 1351 3464 litt

296 3485 633 3559 Brixmvl'nnplttmaaa.
651 3521 684 3532 -
708 3493 784 3544 llud.
807 3497 833 3546 l:
857 3495 1036 3565 Tutnpltilimu.
1055 3521 1087 3535 -
1112 3495 1197 3546 Voss.
1219 3493 1258 3548 C:
1281 3495 1353 3544 'I'um-

289 3571 432 3643 philoromi.
449 3599 484 3613 ·-
501 3571 554 3624 Ed.
575 3571 663 3626 corn.
680 3575 755 3646 Arg.
775 3576 868 3631 Paris.
886 3579 994 3651 Longu:
1013 3574 1235 3650 Pamphiliuumn.
1252 3607 1287 3618 -
1303 3577 1349 3630 lllt.

296 3657 408 3710 Ernst:
432 3655 618 3708 Caecilianum.
638 3685 673 3696 -
700 3657 799 3713 Lanrlt.
823 3661 934 3715 Solrott.
959 3663 1057 3716 Boeol.
1077 3677 1177 3731 suque
1207 3662 1351 3732 'l'umpltlu-
1385 3683 1386 3688 ¹

294 3757 362 3792 mvn.
383 3769 418 3782 -
440 3744 588 3810 antiquitus.
610 3739 687 3793 itud.
708 3744 738 3796 l:
764 3751 933 3816 antiquitatis.
954 3773 989 3789 ·-
1014 3748 1099 3800 Voss.
1119 3747 1156 3800 0:
1181 3751 1302 3816 antiquis,
1323 3773 1351 3784 -

294 3830 344 3875 ulai
367 3831 391 3876 ui
412 3825 484 3896 quid,
515 3823 563 3876 sic
587 3823 640 3875 (lu.
670 3823 748 3878 Leitl.
766 3831 792 3881 2.
816 3827 902 3881 Voss.
921 3829 956 3881 Δ.
975 3830 1006 3883 C.
1034 3829 1088 3886 Ed.
1112 3845 1140 3897 p.
1166 3845 1188 3882 a.
1213 3845 1239 3882 a.
1266 3830 1349 3882 Paris.

294 3906 394 3960 Lamb.
417 3937 454 3950 -
475 3908 529 3961 ltu.
548 3925 575 3978 p.
597 3911 671 3965 1170.
693 3909 790 3983 Loug.
809 3913 863 3966 aL:
885 3919 937 3964 nist
955 3919 979 3964 si
996 3913 1103 3984 quidem.
1120 3941 1154 3954 ·-
1172 3912 1292 3967 Boeel.:
1308 3919 1350 3964 nisi

295 3992 362 4060 quid.

362 4073 389 4141 ξ.
411 4077 439 4132 3.
479 4077 546 4128 Usus
571 4083 611 4128 ert
625 4075 737 4144 familia
759 4107 791 4118 -
806 4079 977 4148 judicandum
1001 4087 1049 4132 eat.
1085 4033 1167 4134 Lete.
1190 4085 1219 4136 2.
1244 4099 1300 4134 om.
1320 4109 1348 4122 ·-

289 4156 454 4227 pedisequus.
474 4159 526 4212 tiu.
546 4159 599 4213 Ed.
620 4159 701 4215 Brix.
723 4160 891 4234 liemarg.
910 4162 1005 4236 long.
1025 4169 1054 4218 ot
1071 4171 1139 4220 cett.
1162 4164 1346 4218 antelamo:
