2816 4682
346 271 449 330 XXV.
484 269 521 330 T.
542 271 737 350 Pomponius
753 270 889 332 niueae
1088 273 1148 336 269

86 423 158 494 dies
197 422 329 492 dolores
364 440 558 492 accrescere
596 421 773 511 febresque
812 423 995 494 accessisse
1032 424 1147 502 sensu,

84 527 259 616 Agrippam
286 547 442 614 generum
472 524 515 590 ad
542 544 579 589 se
608 525 734 590 accersi
763 526 859 611 jussit
885 537 918 594 et
946 547 1020 595 cum
1049 547 1091 594 eo
1113 527 1146 592 L.
1183 607 1186 614 ¹

85 629 270 696 Cornelium
292 625 428 692 Balbum
449 624 649 714 Sextumque
674 625 891 694 Peducaeum.
942 629 1009 694 Hos
1034 639 1069 694 nt
1090 643 1181 695 vet

83 731 173 798 nisse
195 727 286 806 vidit,
315 727 348 792 in
374 725 517 792 cubitum
538 725 675 806 innixus,
702 737 866 816 quantam,
894 729 1009 816 inquit,
1037 749 1146 796 curam

83 831 349 918 diligentiamque
381 827 624 896 invaletudine
652 849 727 896 mea
754 827 874 898 tuenda
901 829 966 896 boc
999 841 1147 918 tempore

83 931 304 1011 adhibuerim,
331 951 406 998 cum
435 951 495 998 vos
523 941 625 998 testes
647 930 801 1010 babeam,
826 930 903 998 nihil
929 951 1069 1000 necasse
1098 943 1149 1006 est

82 1034 232 1124 pluribus
247 1032 357 1102 verbis
374 1051 637 1102 commemorare.
672 1033 795 1110 Quibus
818 1033 971 1122 quoniam
992 1047 1027 1100 ut
1048 1055 1147 1122 spero

82 1136 235 1216 satisfeci,
257 1155 310 1202 me
332 1133 409 1202 nibil
428 1133 544 1224 reliqui
565 1133 693 1215 secisse,
716 1135 805 1225 quod
826 1135 869 1204 ad
891 1135 1072 1202 sanandum
1093 1157 1146 1204 me

83 1239 279 1330 perliceret,
305 1236 464 1325 reliquum
487 1246 550 1315 est,
576 1247 612 1302 ut
638 1247 769 1324 egomet
794 1237 871 1304 mibi
893 1239 1067 1308 consulam.
1110 1237 1147 1306 Id

83 1363 146 1412 vos
168 1341 318 1431 ignorare
339 1338 434 1406 nolui.
476 1337 558 1405 Nam
583 1339 658 1404 mibi
687 1349 750 1404 stat
777 1337 865 1406 alere
887 1340 1038 1409 morbum
1059 1339 1181 1416 desi-e

82 1465 173 1512 nere.
215 1443 394 1529 Numquam
414 1438 597 1507 hisdiebus
616 1438 773 1530 quidquid
792 1439 855 1508 cibi
878 1441 986 1520 sumet,
1007 1441 1049 1507 ita
1071 1463 1148 1529 pro-

83 1543 162 1610 duxi
184 1543 297 1623 vitam,
325 1551 361 1608 ut
382 1541 527 1609 auxerim
548 1541 680 1609 dolores
702 1543 772 1610 sina
794 1563 855 1630 spe
877 1541 996 1610 salutis.
1037 1543 1146 1621 Quare

83 1667 105 1714 a
119 1645 211 1714 vobis
228 1655 305 1733 peto
324 1644 470 1734 primum,
491 1655 526 1710 ut
537 1644 706 1713 consilium
722 1643 867 1734 probetis
880 1664 1002 1712 meum:
1026 1643 1147 1712 deinde

82 1769 127 1815 ne
150 1747 265 1812 trustra
287 1745 488 1813 dehortando
511 1746 678 1812 conemini.

174 1849 248 1936 Cap.
270 1851 357 1914 XXII.
399 1851 467 1916 Hae
489 1848 633 1915 oratione
657 1843 764 1914 habita
785 1859 872 1916 tanta
894 1849 1069 1917 constantia
1092 1868 1180 1922 ιιι-1

84 1949 135 2020 cis
157 1960 254 2040 atque
276 1950 389 2030 vultus,
412 1959 446 2018 ut
466 1971 531 2018 non
554 1971 595 2018 ex
609 1950 681 2030 vita,
702 1947 764 2017 sed
787 1971 828 2017 ex
845 1951 944 2020 domo
966 1952 998 2020 in
1016 1951 1147 2020 domum
1164 1960 1247 2056 itii.

83 2053 252 2123 videretur
273 2055 420 2142 migrare,
442 2073 516 2120 oum
538 2052 670 2142 quidem
687 2053 827 2142 Agrippa
849 2075 924 2120 eum
946 2052 1027 2124 fleus
1049 2067 1148 2144 atque

85 2156 239 2226 osculans
261 2167 369 2224 oraret
388 2165 487 2246 atque
508 2155 707 2237 obsecraret,
728 2175 770 2223 ne
793 2154 835 2222 ad
857 2154 903 2235 id,
926 2154 1014 2245 quod
1036 2168 1149 2224 natura

87 2377 203 2447 aliquid
220 2376 365 2432 excidisse
383 2377 507 2430 videtur.
526 2406 560 2418 -
570 2373 725 2448 febresque.
743 2376 791 2429 Sic
804 2376 856 2429 tiu.
875 2373 957 2430 Leid.
970 2380 996 2432 2.
1016 2393 1147 2446 omnesq.

86 2461 162 2514 Edd.
182 2465 250 2514 artie
268 2461 383 2532 bamb,
406 2461 457 2530 qui
468 2460 626 2533 sebremque
643 2461 733 2515 dedit.
754 2490 788 2500 —
812 2467 917 2516 accersi.
947 2460 995 2513 Sic
1016 2460 1070 2514 (iu.
1090 2461 1149 2513 Gii'.

86 2545 221 2600 Mendes.
244 2546 330 2599 Voss.
348 2547 379 2600 θ.
405 2545 458 2598 Ed.
483 2545 575 2615 antiq.
599 2575 632 2586 -
662 2545 749 2599 Voss.
768 2546 808 2597 A:
832 2551 939 2599 arceret.
960 2576 995 2586 -
1020 2545 1102 2598 Lcid.
1121 2551 1148 2602 2.

87 2629 141 2684 Ed.
166 2647 195 2698 p.
220 2633 295 2686 1470.
324 2629 467 2702 Hearing.
492 2630 542 2683 ab:
574 2635 705 2681 arcessiri.
731 2660 765 2671 -
793 2629 846 2682 Ed.
869 2629 951 2683 Rom.
978 2631 1052 2684 Veu.
1076 2633 1150 2704 Arg.

86 2715 200 2785 lating-2
219 2719 348 2767 accersiri.
365 2741 400 2753 -
418 2715 532 2768 leumiim
554 2717 662 2766 arceret.

159 2797 185 2866 §-
204 2800 230 2852 5.
267 2803 374 2850 iunixus.
408 2799 457 2851 Sic
476 2799 528 2850 Gn.
551 2797 608 2849 biii.
627 2797 758 2853 Mundus.
777 2799 853 2853 Med.
873 2803 900 2854 2.
920 2799 1000 2852 Leid.
1018 2803 1043 2854 2.
1064 2799 1149 2854 Voss.

88 2881 125 2933 A.
139 2880 171 2934 G.
191 2881 245 2934 ea.
264 2886 360 2950 ulraq.
378 2898 422 2951 pr.
442 2883 527 2936 Rom.
544 2881 626 2934 Brix.
646 2883 740 2938 Paris.
762 2883 802 2937 al.
814 2914 848 2925 -
865 2883 940 2937 Veu.
958 2882 1033 2956 Arg.
1052 2884 1148 2956 Loug.

88 2963 428 3020 Lamb.Scbott.Boccl.:
446 2973 568 3022 utcu-
586 2967 805 3038 diligentiamque.
824 2968 876 3021 Ed.
888 2965 986 3020 Brix.:
1004 2969 1152 3040 etdiitgen·

88 3056 202 3104 rtem-
214 3051 368 3104 valetudiue.
380 3051 433 3104 Ed.
443 3051 521 3105 Brix
526 3051 680 3123 VemArg.
692 3067 699 3102 a
717 3051 863 3103 valitudine.
871 3081 903 3090 -
913 3070 958 3104 eos
971 3053 1149 3107 testeri'oss.

87 3134 127 3188 Α.
139 3133 177 3187 C:
195 3153 243 3185 nos
259 3141 345 3186 testea.
362 3163 396 3176 -
412 3135 479 3187 nibil
494 3153 597 3188 necesse
614 3144 660 3190 ert.
685 3135 734 3187 Sic
752 3134 806 3188 (iu.
827 3133 883 3185 (tit.
903 3135 1035 3190 Mundus.
1055 3143 1149 3206 uterq.

88 3217 168 3272 Med.
194 3219 261 3271 Sar.
286 3219 371 3274 Voss.
391 3222 425 3272 Α.
445 3219 477 3272 C.
502 3220 555 3273 Ed.
575 3237 604 3288 p.
623 3237 645 3272 s.
666 3235 692 3272 a.
711 3249 744 3258 -
763 3218 844 3272 netu.
862 3225 887 3275 ¹2.
906 3229 945 3272 eat
962 3237 1020 3274 om.
1039 3241 1073 3262 ·-·
1096 3222 1150 3295 lid.

88 3319 118 3372 p.
140 3305 216 3358 Mill.
235 3309 307 3376 Arg.
325 3303 422 3376 Long.
440 3301 541 3356 Lemb.
560 3303 671 3358 Sebott.
691 3301 805 3360 Boecl.:
828 3305 894 3356 ntitl
908 3322 972 3375 opus
988 3314 1035 3360 eet.
1054 3335 1087 3346 -
1111 3326 1151 3358 me

87 3385 155 3438 ulti
174 3387 267 3457 reliqui
281 3385 392 3456 sectere.
424 3387 473 3441 stc
497 3389 550 3441 Gn.
576 3387 656 3440 Leid.
683 3391 704 3442 l.
726 3391 751 3441 2.
780 3387 863 3442 Voss.
882 3391 916 3442 Α.
935 3388 968 3442 C.
998 3395 1027 3443 et
1050 3405 1150 3442 ourues

86 3469 163 3529 Eud,
183 3476 250 3524 autc
268 3471 379 3542 Lentu,
398 3473 449 3541 qui
468 3473 562 3527 dedit:
580 3471 646 3524 nibil
660 3471 755 3541 reliqui
763 3468 834 3537 sect.
850 3501 885 3512 -
902 3473 955 3526 Ed.
976 3473 1072 3528 Boeel.
1092 3474 1146 3526 ub:

86 3554 200 3625 nihilque
217 3557 311 3627 reliqui
319 3555 389 3624 seri.
406 3585 440 3596 -
457 3565 485 3608 ιιι
501 3566 613 3629 egomet.
632 3555 711 3609 leid.
728 3561 760 3612 2:
780 3565 806 3609 et
822 3565 934 3631 egomet.

158 3638 185 3706 ξ.
204 3639 230 3696 6.
265 3638 323 3692 etit.
355 3639 404 3692 Sic
424 3639 477 3694 Gn.
497 3641 550 3694 Ed.
569 3658 597 3710 p.
620 3645 695 3698 llll).
714 3642 786 3714 Arg.
805 3642 899 3715 Loug.
918 3640 1018 3694 Lamb.
1038 3640 1148 3694 Scbott.

88 3722 128 3777 al.
149 3753 182 3764 -
208 3723 340 3778 llleudos.
361 3725 446 3779 Voss.
465 3726 500 3782 Δ.
521 3726 553 3779 C.
578 3726 631 3778 Ed.
648 3742 678 3794 p.
697 3743 720 3779 s.
741 3741 768 3781 a.
787 3726 886 3784 Brisa
908 3726 959 3776 etit
974 3732 1148 3796 portentaque.

87 3839 123 3849 -
140 3806 302 3859 dehortando
320 3817 452 3864 eoaemtet.
475 3810 523 3862 Sic
543 3810 595 3862 (lu.
616 3815 646 3862 et
664 3825 764 3864 onmes
781 3811 854 3864 Edd.
873 3839 908 3852 -
929 3808 1011 3864 Leia.
1033 3815 1055 3867 Ι.
1076 3809 1149 3863 Gii:

88 3892 253 3944 dehortando
270 3893 432 3962 impedire
454 3900 585 3946 cruciatui.

524 3977 593 4046 Cup.
613 3977 716 4032 xxu.

159 4057 184 4126 ὃ.
204 4061 227 4114 1.
261 4060 352 4114 ruitae.
387 4058 441 4113 Ed.
460 4059 543 4114 Brix.
560 4061 669 4116 Paris:
688 4063 770 4116 cultus
786 4058 869 4130 seit.
886 4091 921 4104 -
944 4065 1069 4117 ceruleae.
1096 4065 1149 4118 bis.

88 4143 224 4212 Sciopp.:
242 4142 389 4196 obsecrant.
407 4171 441 4186 ·-
458 4143 538 4198 Idem
556 4145 610 4201 Με.
629 4157 705 4220 atque
722 4147 879 4202 obsecraret.
895 4171 927 4189 *-
944 4167 977 4202 ne
994 4150 1031 4204 ad
1045 4150 1081 4205 td.
1100 4151 1149 4203 ste
