2818 4704
415 271 487 332 ΧΥ.
514 270 761 362 Epaminondas·
1062 279 1118 350 1⁶1

51 425 255 510 noluissem¹
292 421 319 488 A
340 442 405 510 quo
427 442 501 492 cum
522 425 712 514 quaesisset,
733 448 800 512 quc
822 449 860 494 se
870 424 993 498 deduci
1007 429 1117 516 veltet,
1134 442 1152 496 5

51 536 85 594 et
106 523 172 602 ille,
193 523 369 605 Athenas,
393 524 540 604 dixisset,
561 525 758 612 praesidium
780 525 876 607 dedit
898 539 933 596 ut
953 539 1020 596 tutu
1043 553 1119 620 per·

52 628 188 696 veniret
230 626 344 714 Neque
366 647 445 692 vero
467 625 499 692 id
523 627 600 694 satis
622 626 739 704 hahuit,
761 625 822 694 sed
845 630 940 715 etiem
961 642 996 696 ut
1017 635 1119 704 invio-

51 731 137 796 latus
163 730 195 796 in
216 748 333 796 navem
354 725 584 807 adscenderet,
612 749 672 816 per
694 727 863 808 Chabriam
883 731 1118 816 Atheniensem,

52 832 95 900 de
126 851 193 920 quo
219 851 318 920 supra
345 830 541 896 mentionem
567 829 715 908 fecimus,
742 829 859 898 effecit.
901 829 1118 903 Abstinentiae

52 934 114 1001 erit
148 931 211 1000 hoc
247 933 323 1008 setis
361 933 584 1001 testimonium.
637 931 775 1002 Plurima
807 933 940 1024 quidem
971 936 1151 1023 preferred

50 1055 238 1127 possemus,
258 1034 320 1105 sed
341 1033 458 1102 modus
478 1033 682 1102 adhibendus
706 1047 771 1116 est,
794 1038 945 1126 quoniam
966 1059 1031 1106 unc
1053 1038 1119 1108 hoc

53 1139 219 1208 uolumine
247 1139 341 1204 vitam
376 1135 599 1214 excellentium
615 1137 766 1213 ‚virosum
799 1139 1010 1230 complurium
1040 1162 1118 1212 cou-

53 1239 190 1312 cludere
220 1239 456 1320 ecnstituimus,
484 1261 622 1328 quorum
648 1242 821 1328 separatim
848 1241 953 1310 multis
979 1243 1118 1312 millibus

51 1365 209 1414 versuum
225 1342 414 1432 ,complures
436 1342 611 1430 scriptores
632 1353 788 1410 antenus
810 1345 1016 1432 explicarunt

142 1445 218 1534 Cap.
236 1443 269 1512 V.
312 1445 381 1510 Fuit
408 1445 502 1511 etiem
530 1443 682 1521 disertus,
707 1455 743 1512 ut
762 1467 862 1524 ‚nemu
892 1445 922 1514 ei
945 1446 1150 1527 Thebanusl

52 1572 113 1640 par
136 1557 226 1620 esset
244 1545 436 1636 eloquentia,
456 1567 565 1638 neque
590 1545 694 1619 minus
710 1547 885 1616 concinnus
907 1547 939 1614 in
958 1545 1117 1618 brevitate

129 1872 156 1943 δ.
178 1879 203 1932 5.
240 1876 391 1946 quaesisset.
422 1871 479 1926 Sic
505 1871 558 1928 (iu.
582 1872 641 1928 ΔΧ.
664 1871 749 1927 vose.
772 1872 808 1926 Α.
832 1869 867 1927 Β.
890 1870 972 1936 lechd-
988 1874 1017 1928 2⁶
1041 1870 1114 1929 Edd.

54 1965 128 2014 vett.
149 1989 180 2000 -
198 1959 251 2011 Ed.
271 1956 395 2030 Keuch.':
419 1965 578 2028 quaesiisset.
601 1989 634 1998 -
658 1957 755 2012 deduci.
780 1958 828 2011 Sic
846 1957 921 2011 Dan.
943 1956 995 2010 Gu.
1014 1956 1116 2026 Boset.

54 2048 111 2099 Ax.
136 2043 222 2097 Voss.
240 2041 276 2094 A.
301 2041 383 2096 Leid.
400 2044 426 2097 2.
449 2063 484 2082 ..
512 2041 597 2096 Voss.
617 2041 651 2096 B.
680 2041 735 2094 Ed.
753 2041 830 2095 Ultr.
854 2043 920 2106 Ald.
941 2040 1038 2114 Long.
1063 2041 1116 2096 nh:

55 2131 121 2182 duee.
139 2158 173 2170 -
198 2125 313 2180 dixissset.
337 2125 386 2178 Sic
410 2123 462 2178 Gn.
481 2125 566 2179 Voss.
586 2129 621 2180 A.
640 2125 672 2179 B.
697 2125 779 2178 Leid.
795 2130 821 2180 ἢ.
846 2125 899 2184 Ed.
916 2125 992 2179 ffltr.
1010 2155 1045 2168 -
1062 2125 1117 2180 Ed.

54 2215 136 2285 Meg.
156 2210 256 2280 Steph.
276 2208 329 2262 eL:
348 2210 454 2262 diceret.
471 2239 504 2250 —
527 2215 590 2262 tntu.
613 2211 662 2263 Sic
679 2209 756 2263 Dan.
774 2208 828 2261 tiu.
847 2209 903 2260 Ax.
922 2207 975 2260 Ed.
993 2209 1069 2263 Ultr.
1088 2215 1119 2262 et

55 2314 156 2351 omnes
174 2302 243 2348 antu
261 2293 360 2346 hamb.
383 2322 416 2334 -
439 2293 556 2366 Vulgo:
580 2311 617 2347 ee
640 2301 703 2346 tete.
724 2323 760 2334 -
782 2291 864 2346 Leid.
881 2295 913 2346 2:
937 2309 976 2344 ee
1000 2301 1062 2345 teto.
1083 2320 1119 2334 -

55 2382 235 2435 adscenderet.
252 2379 300 2432 Sic
317 2377 403 2432 Voss.
421 2378 456 2431 A.
476 2379 510 2432 Β.
529 2378 609 2431 Leid.
626 2383 651 2434 2.
669 2407 700 2418 -
724 2377 800 2433 Dan.
821 2375 889 2429 Gen:
911 2377 1067 2454 escenderet.
1084 2407 1119 2416 -

54 2469 129 2524 An:
154 2455 307 2518 estenderet.
331 2493 365 2504 -
392 2462 446 2516 Ed.
464 2453 768 2519 Uttrn'conseenderet.
789 2490 825 2504 —-
847 2461 1039 2518 Atheniensem.
1062 2461 1117 2518 Ed.

54 2551 156 2606 Lamb.
176 2548 274 2618 steph.
294 2545 348 2600 ah:
365 2545 549 2598 Atheniensem
565 2554 702 2600 curavit.
719 2576 754 2589 -
777 2545 830 2600 Ed.
849 2543 960 2617 Long.:
978 2545 1120 2598 Athenien·

54 2657 106 2690 sem
123 2639 340 2706 prosternent·
361 2629 461 2698 effecit.
486 2631 534 2682 Sis
553 2631 627 2686 Dan.
648 2630 853 2686 deduscit.
875 2629 1007 2683 Mendes.
1026 2629 1117 2684 Cotld.

55 2722 171 2774 Staver.
189 2746 223 2756 -
240 2715 293 2770 Ed.
307 2714 383 2768 Uitr.
402 2714 494 2782 effecit
511 2732 579 2781 om,
598 2721 627 2770 et
644 2715 677 2769 in
692 2732 787 2790 marg.
806 2717 920 2784 script:
942 2713 1011 2764 Post
1028 2713 1119 2764 dictio-

54 2824 111 2856 nem
134 2801 369 2873 Atheniensem
395 2806 486 2869 opiner
506 2801 709 2868 interficiendum
737 2806 872 2860 enrucit
895 2808 938 2851 ant
959 2799 1040 2849 simite
1062 2815 1119 2850 eet·-

54 2889 121 2940 Innn.
139 2897 174 2926 -ὲ
192 2885 264 2938 Edd.
284 2889 354 2936 vett.
374 2881 465 2950 effecit
482 2900 537 2936 otu.
641 2872 643 2876 ’

113 2969 151 3044 ξ.
171 2972 197 3025 6.
227 2963 364 3040 proferre.
399 2965 497 3019 Boccl.
516 2968 600 3022 Voss.
620 2969 653 3022 Β.
671 2969 728 3022 Ax.
748 2985 805 3022 om.
822 2997 855 3008 -
871 2973 958 3018 eitam.
976 2963 1025 3018 Sic
1042 2963 1118 3015 Dan.

58 3055 111 3107 Gn.
139 3057 195 3106 Ax.
221 3051 305 3106 Voss.
325 3053 359 3104 A.
385 3051 465 3104 Leid.
484 3056 509 3106 2.
536 3051 590 3105 Ed.
606 3051 682 3106 Ultr.
706 3053 768 3120 Ed.¹
784 3069 829 3120 pe.
852 3049 919 3104 Ald.
943 3050 1009 3100 Par.
1027 3047 1065 3100 nl.
1084 3075 1119 3086 -

55 3139 156 3194 Buecl.
173 3137 260 3191 Voss.
277 3127 311 3188 B.
331 3135 384 3188 Ed.
403 3135 497 3206 Long.
515 3133 567 3204 nh:
585 3141 660 3190 citas.
677 3166 712 3177 —
733 3143 855 3190 circeum.
880 3134 928 3186 Sic
947 3133 1002 3184 Ax.
1020 3128 1120 3182 Boecl.

55 3225 142 3278 Voss.
155 3222 190 3276 B.
208 3251 243 3262 -
259 3221 344 3274 Voss.
358 3219 398 3272 A:
417 3226 530 3270 eircmm
546 3221 743 3290 compturtmcm.
761 3249 793 3260 -
813 3220 867 3272 Gu.
887 3217 941 3270 Ed.
956 3213 1035 3270 Ultr.
1051 3214 1119 3267 Ald.

55 3310 155 3382 Long.
174 3305 274 3360 Lumb.
294 3309 324 3357 et
341 3319 441 3356 omnes
459 3303 579 3362 omnino
597 3309 664 3355 ante
682 3301 797 3358 Bacch:
815 3310 929 3356 virorum
946 3301 1126 3374 complurium.¹

54 3424 87 3438 ·—
106 3392 275 3445 concludere..
291 3387 391 3442 Boecl.
412 3387 496 3443 Voss.
515 3383 554 3438 B:
574 3387 723 3439 conducere.
738 3417 773 3430 -
796 3393 976 3439 constituimus.
995 3385 1075 3438 Leid.
1088 3390 1120 3440 'ht

55 3483 245 3531 constituemus.
262 3502 297 3513 -
316 3471 467 3526 Editttnz
485 3477 627 3524 statuimus.
644 3501 678 3513 -
695 3490 809 3544 quorum.
827 3471 875 3524 sic
892 3471 968 3524 Dan.
989 3470 1041 3521 (iu.
1060 3469 1118 3522 Ax.

55 3564 109 3616 Ed.
132 3559 209 3614 Ultr.
234 3563 266 3612 et
290 3557 421 3628 phet-aeq.
443 3560 514 3610 vett.
539 3555 611 3608 Edd.
633 3587 667 3598 -
696 3555 749 3610 Ed.
774 3555 870 3630 Loug.
897 3556 978 3627 Mag.
1004 3553 1118 3622 steph:

55 3665 130 3718 qua-3·

524 3723 594 3794 Cep.
619 3725 654 3778 V.
746 3789 750 3796 Ι

124 3813 152 3884 ᾗ.
178 3814 203 3868 l.
245 3817 323 3866 etiam
345 3811 465 3866 disertus.
506 3807 554 3862 Sic
580 3808 631 3860 Gn.
656 3810 713 3862 Ax.
743 3807 827 3864 Voss.
846 3807 886 3864 Β.
916 3805 969 3860 Ed.
987 3803 1061 3856 Uitr.
1085 3832 1120 3844 -

55 3900 130 3954 Edd.
151 3902 240 3951 veih:
263 3905 293 3949 et
314 3898 432 3949 disertus.
454 3925 488 3935 -
511 3911 584 3944 nemu
606 3899 631 3944 ei
652 3893 795 3946 Thebanus.
819 3893 874 3946 'Sic
891 3891 966 3944 Dan.
988 3889 1041 3941 (iu.
1066 3887 1119 3940 Ed.

55 3984 133 4040 Ultr.
153 4011 188 4024 ·-
212 3985 269 4036 Ax.
292 3979 408 4034 Buecht
431 3997 503 4032 nenne
526 3997 559 4029 cx
580 3977 715 4030 Thebanis.
732 4006 767 4016 -
789 3976 869 4028 Leid.
889 3979 919 4030 2:
941 3993 973 4026 ne
989 3992 1071 4024 neme.
1087 3969 1134 4012 -'

56 4070 144 4124 Voss.
163 4068 201 4122 A.
220 4065 254 4121 B.
272 4066 346 4122 Edd.
366 4069 435 4120 vett.
455 4068 523 4118 ente
542 4059 642 4116 anh.
661 4068 685 4114 ea·
702 4077 757 4114 em.
777 4090 809 4103 -
828 4059 942 4132 Vulgo:
960 4075 1032 4112 nemo
1054 4057 1122 4138 The

56 4155 138 4206 hunus
156 4157 188 4209 et.
867 4160 868 4164 ’

888 4230 921 4285 ll
