2816 4682
265 279 323 340 Μ
650 269 788 328 Cornelii
806 267 941 348 Nepotis

231 429 316 508 anis
338 430 524 511 acceperat,
545 415 757 508 proficiscens
774 417 870 506 jussit
888 414 1016 484 deferri.
1059 414 1118 486 llic
1140 415 1333 504 complures

266 548 368 597 annos
391 535 532 591 moratus
555 542 629 588 eum
652 531 685 588 et
705 521 753 588 rei
775 519 918 586 familiari
938 529 1060 586 tanturn
1082 537 1208 606 operae
1231 516 1334 598 daret

266 639 421 720 quantum
441 645 507 694 non
527 623 697 713 indiligens
720 622 860 690 deberet
880 631 974 710 pater
994 619 1140 699 familias,
1168 631 1203 688 et
1225 622 1334 687 omnia

266 731 392 818 reliqua
418 737 566 815 tempora
592 735 647 792 aut
673 723 784 792 litteris
813 733 868 790 aut
886 722 1127 792 Atheniensium
1155 723 1205 790 rei
1227 721 1334 810 puhli-

268 851 329 900 cae
355 829 529 904 tribueret,
554 826 652 894 nihilo
679 826 785 894 minus
813 824 925 892 amicis
951 823 1075 892 urbana
1102 821 1210 891 efficia
1239 845 1333 911 prac—

234 933 352 1004 tstitit
393 933 475 998 Nam
497 927 593 998 etad
615 927 743 998 comitia
765 948 879 996 cerum
900 927 1065 996 ventitavit
1086 937 1119 994 ct
1140 925 1168 992 si
1190 946 1259 1014 qua
1279 947 1332 992 res

268 1036 373 1124 major
400 1043 473 1100 aeta
499 1041 563 1109 est,
592 1051 658 1096 non
687 1027 801 1108 dehrit;
833 1030 917 1098 sicut
944 1028 1091 1098 Ciceroni
1123 1028 1156 1094 in
1182 1025 1333 1094 omnihus

268 1136 364 1225 [ejus]
386 1131 538 1220 periculis
560 1131 756 1220 singularem
776 1130 877 1200 fidem
899 1130 1062 1219 praebuit:
1092 1130 1144 1198 cui
1166 1150 1209 1196 ex
1230 1129 1334 1216 patria

269 1235 400 1324 fugienti
426 1233 612 1302 sestertium
639 1231 779 1300 ducenta
808 1243 842 1300 et
863 1233 1090 1322 quinquaginta
1111 1231 1210 1298 millia
1233 1230 1334 1298 dona·
1381 1288 1382 1292 ,

234 1338 320 1414 avit
367 1333 587 1423 Tranquillatis
613 1344 722 1402 autem
753 1333 853 1402 rebus
878 1334 1029 1402 Romanis
1059 1333 1247 1421 remigravit
1272 1335 1333 1399 lle

167 1445 251 1538 3ng
269 1459 356 1506 mam
387 1448 424 1504 ut
452 1437 568 1524 opinor
594 1437 627 1502 L.
654 1437 747 1504 Cotta
773 1446 807 1504 et
832 1437 865 1503 L.
893 1438 1055 1525 Torquato
1084 1435 1198 1513 Coss.;
1235 1456 1332 1524 quem

270 1541 358 1609 diem
379 1541 428 1608 sic
448 1539 600 1606 universa
622 1539 734 1606 civitas
755 1538 995 1606 Atheniensium
1016 1547 1192 1626 prosecuta
1214 1547 1281 1616 est,
1300 1548 1333 1604 ut

269 1641 410 1710 lacrimis
433 1638 587 1708 desiderii
609 1639 704 1708 lutnri
725 1639 873 1708 dolorem
893 1639 1058 1707 indicaret.

235 1763 252 1817 1
357 1743 433 1830 Cap.
460 1743 492 1809 V.
540 1741 689 1810 llabehat
714 1741 906 1810 avunculum
930 1741 965 1820 Q.
988 1740 1162 1809 Caecilium
1190 1740 1332 1829 equitem

270 1848 449 1914 Romanum
476 1843 664 1912 familiarem
689 1845 724 1910 L.
744 1843 879 1920 Luculli.
906 1841 1048 1923 divitem,
1072 1841 1259 1912 difficillima
1280 1865 1335 1910 na-

270 1957 354 2024 tura,
384 1946 475 2031 cujus
503 1945 552 2012 sic
579 1945 786 2032 asperitatem
808 1945 927 2011 veritus
950 1956 1012 2025 est,
1041 1956 1087 2025 ut,
1115 1967 1215 2034 quem
1236 1967 1332 2012 nemo

270 2045 357 2112 ferre
378 2054 505 2133 posset,
530 2043 623 2134 hujus
645 2045 715 2112 siue
738 2042 917 2112 offensione
939 2045 981 2112 ad
1004 2067 1162 2114 summam
1184 2057 1334 2116 senectu-

236 2157 338 2220 ntcm
369 2145 535 2214 retinuerit
565 2145 833 2216 benevolentiam.
887 2147 959 2226 Quo
990 2147 1074 2215 lactu
1109 2149 1179 2216 tulit
1205 2150 1333 2236 pietatis

270 2247 416 2316 fructum.
464 2249 622 2318 Caecilius
656 2249 741 2318 enim
773 2249 914 2316 moriens
948 2259 1138 2318 testamento
1170 2250 1335 2339 adoptarit

273 2369 347 2416 euru
373 2350 597 2439 heredemque
625 2351 702 2418 lecit
729 2371 771 2418 ex
792 2350 965 2430 dodrante,
993 2373 1034 2420 cx
1061 2373 1126 2441 qua
1152 2351 1333 2422 hereditate

237 2452 400 2540 succepit
421 2451 549 2520 circiter
570 2452 693 2522 centies
715 2452 907 2521 sestertium
948 2453 1024 2519 Erat
1044 2464 1143 2542 nupta
1164 2473 1263 2522 soror
1284 2458 1334 2522 At·

272 2612 475 2625 *—

340 2700 367 2770 ἕ.
384 2705 410 2758 3.
446 2709 473 2754 et
490 2707 539 2755 rel.
572 2702 934 2774 papauerum-
956 2711 1001 2756 nat
1017 2706 1119 2759 litteris.
1140 2705 1197 2767 Ed,
1215 2723 1246 2776 p.
1265 2724 1289 2762 a.
1306 2725 1331 2762 ιι.

272 2783 372 2839 Brixa
391 2793 435 2838 aut
451 2786 523 2839 huma
540 2787 648 2841 artibus.

340 2867 366 2936 §-
383 2871 409 2923 A.
445 2869 482 2921 ad
497 2877 610 2923 comitia.
639 2871 724 2926 Voss.
742 2871 778 2924 A.
796 2871 829 2926 C.
847 2872 884 2924 ad
899 2887 956 2926 cm.
975 2901 1007 2914 -
1026 2871 1110 2944 [ejas]
1126 2875 1262 2942 pmcrrlr's.
1286 2875 1332 2926 Sic

273 2949 325 3003 (ln.
351 2950 410 3005 (lis.
434 2957 531 3023 utraq.
556 2954 600 3008 erl.
629 2972 658 3024 p.
682 2955 778 3028 hung.
802 2955 901 3010 Lanrh.
925 2957 963 3010 al.
987 2985 1022 2997 -
1051 2956 1182 3010 lllcndca.
1206 2957 1331 3018 heim.

270 3034 326 3087 Ed.
347 3036 452 3090 Germ:
475 3044 529 3089 ruta
539 3041 674 3108 patculr'r.
690 3067 726 3082 ·-
750 3040 804 3093 Ed.
823 3041 897 3113 Arg.
916 3056 1077 3109 prenomen
1095 3057 1152 3092 um.
1169 3070 1205 3082 -
1228 3041 1331 3095 Rosius

270 3119 352 3172 uncis
374 3119 504 3174 inclusit.
525 3151 561 3164 -·
582 3129 728 3174 sestertium
749 3124 858 3176 dracena
880 3132 906 3176 at
926 3131 1113 3197 qninquaginta
1133 3127 1229 3199 ιιιὶὶζὶα.
1261 3127 1330 3179 Gra:

270 3209 398 3254 seaetertia
414 3205 524 3257 ducenta
540 3211 567 3256 ct
583 3211 771 3278 qulnquaginta
786 3207 874 3260 millia
891 3237 926 3250 ·-
943 3209 1076 3262 Mendes.
1095 3208 1180 3263 lacid.
1198 3214 1226 3265 2.
1245 3209 1329 3264 Voss.

270 3286 306 3336 Δ.
324 3285 358 3339 G.
376 3285 431 3339 Ed.
449 3287 546 3341 Brix.:
565 3295 687 3340 sestertia
703 3290 812 3342 ducenta
828 3299 853 3342 et
871 3291 1050 3363 quandraginta
1065 3294 1155 3350 millia.

340 3366 367 3436 §-
384 3374 411 3429 5.
446 3371 567 3425 Rumam.
600 3371 1153 3443 Ed.p.s.a.ctantiq.:1lumrurt.-
1172 3377 1263 3429 t'utta.
1279 3377 1331 3430 Ed.

271 3451 661 3520 unth.Jeus.1ttscurn.
681 3455 777 3514 nera:
797 3457 889 3510 Cauta.
906 3487 940 3500 —
962 3457 1016 3510 ltu.
1036 3457 1120 3512 Ram.
1139 3462 1232 3533 Arga
1252 3463 1328 3514 Cata.

268 3563 304 3576 -
320 3555 394 3606 quern
411 3537 486 3589 diem.
506 3539 561 3594 Ma.
580 3539 691 3594 Ernst:
710 3559 783 3610 quem
800 3539 909 3610 quidem.
926 3569 961 3582 -
982 3541 1036 3596 lla.
1054 3543 1147 3597 Meda
1171 3563 1248 3617 qm
1265 3547 1330 3598 dien

268 3621 389 3692 qualibet.
406 3650 440 3664 -
457 3621 512 3684 lid.
533 3623 625 3681 Geth.
643 3624 711 3676 diem
728 3638 784 3675 om.

737 3707 808 3776 (lup.
826 3707 865 3762 V.

337 3787 363 3858 β.
381 3791 407 3844 l.
441 3789 524 3859 lujat.
560 3789 646 3844 Vasa.
665 3790 703 3844 G:
725 3791 775 3844 hic.
794 3819 830 3832 -·
849 3789 1058 3855 humectantium.
1086 3792 1140 3847 flu.
1159 3793 1214 3848 Ed.
1236 3798 1327 3866 antiq.

269 3872 358 3925 Corn.
377 3874 466 3945 Arga
485 3874 687 3930 bentccleattam.

336 3955 362 4024 §-
387 3961 413 4012 2.
456 3965 550 4019 centles
572 3964 726 4011 rertcrttarn.
764 3957 814 4014 Sic
840 3959 971 4014 Mandas.
997 3959 1079 4014 lacid-
1097 3965 1123 4017 2.
1151 3961 1206 4016 Ed.
1233 3966 1326 4034 antiq.

268 4035 349 4090 Brix.
368 4069 401 4082 -
421 4040 474 4094 (lu.
494 4041 580 4096 Voss·
598 4041 634 4094 Α.
654 4041 693 4096 C:
711 4049 805 4094 earlier
822 4051 981 4096 sestertium.

335 4121 363 4190 ἦ.
381 4126 408 4189 a.
447 4129 480 4187 Q,
501 4127 597 4180 Tallta.
631 4125 717 4181 Vasa.
735 4125 769 4181 0.
791 4125 845 4181 lld.
870 4129 962 4199 antiq.
983 4127 1063 4195 lena.
1088 4083 1166 4186 lata.
1189 4129 1274 4186 Brix.
1294 4135 1325 4194 tl.
