<?xml version="1.0" encoding="UTF-8"?>
<!DOCTYPE html PUBLIC "-//W3C//DTD XHTML 1.0 Transitional//EN"
    "http://www.w3.org/TR/xhtml1/DTD/xhtml1-transitional.dtd">
<html xmlns="http://www.w3.org/1999/xhtml" xml:lang="en" lang="en">
 <head>
  <title>
</title>
<meta http-equiv="Content-Type" content="text/html;charset=utf-8" />
  <meta name='ocr-system' content='tesseract 3.04.00' />
  <meta name='ocr-capabilities' content='ocr_page ocr_carea ocr_par ocr_line ocrx_word'/>
</head>
<body>
  <div class='ocr_page' id='page_1' title='image "./corneliinepotis25nepogoog_0180.png"; bbox 0 0 2818 4704; ppageno 0'>
   <div class='ocr_carea' id='block_1_1' title="bbox 391 325 1109 406">
    <p class='ocr_par' dir='ltr' id='par_1_1' title="bbox 391 325 1109 406">
     <span class='ocr_line' id='line_1_1' title="bbox 391 325 1109 406; baseline 0.015 -22"><span class='ocrx_word' id='word_1_1' title='bbox 391 327 479 386; x_wconf 83' lang='lat' dir='ltr'><strong>&#39;XV.</strong></span> <span class='ocrx_word' id='word_1_2' title='bbox 505 325 752 406; x_wconf 75' lang='lat' dir='ltr'>Epaminondas.</span> <span class='ocrx_word' id='word_1_3' title='bbox 1053 333 1109 394; x_wconf 78' lang='lat'>165</span> 
     </span>
    </p>
   </div>
   <div class='ocr_carea' id='block_1_2' title="bbox 37 469 1202 2715">
    <p class='ocr_par' dir='ltr' id='par_1_2' title="bbox 37 469 1202 2510">
     <span class='ocr_line' id='line_1_2' title="bbox 40 469 1139 571; baseline 0.01 -26"><span class='ocrx_word' id='word_1_4' title='bbox 40 490 92 551; x_wconf 85' lang='lat' dir='ltr'>est</span> <span class='ocrx_word' id='word_1_5' title='bbox 119 473 362 566; x_wconf 81' lang='lat' dir='ltr'>Epaminondae</span> <span class='ocrx_word' id='word_1_6' title='bbox 382 469 561 567; x_wconf 77' lang='lat' dir='ltr'>&#39;diligentia</span> <span class='ocrx_word' id='word_1_7' title='bbox 609 479 684 546; x_wconf 87' lang='lat' dir='ltr'>Erat</span> <span class='ocrx_word' id='word_1_8' title='bbox 709 481 793 549; x_wconf 91' lang='lat' dir='ltr'>enim</span> <span class='ocrx_word' id='word_1_9' title='bbox 821 482 865 550; x_wconf 94' lang='lat' dir='ltr'>ibi</span> <span class='ocrx_word' id='word_1_10' title='bbox 886 484 1027 571; x_wconf 90' lang='lat' dir='ltr'>privatus</span> <span class='ocrx_word' id='word_1_11' title='bbox 1049 501 1139 556; x_wconf 72' lang='lat' dir='ltr'>nun</span> 
     </span>
     <span class='ocr_line' id='line_1_3' title="bbox 38 578 1104 672; baseline 0.008 -26"><span class='ocrx_word' id='word_1_12' title='bbox 38 601 132 646; x_wconf 87' lang='lat' dir='ltr'>mero</span> <span class='ocrx_word' id='word_1_13' title='bbox 155 578 268 644; x_wconf 88' lang='lat' dir='ltr'>militis.</span> <span class='ocrx_word' id='word_1_14' title='bbox 310 580 423 668; x_wconf 80' lang='lat' dir='ltr'>Aque</span> <span class='ocrx_word' id='word_1_15' title='bbox 453 601 528 646; x_wconf 93' lang='lat' dir='ltr'>cum</span> <span class='ocrx_word' id='word_1_16' title='bbox 555 591 704 669; x_wconf 89' lang='lat' dir='ltr'>peterent</span> <span class='ocrx_word' id='word_1_17' title='bbox 732 605 842 672; x_wconf 89' lang='lat' dir='ltr'>opem,</span> <span class='ocrx_word' id='word_1_18' title='bbox 868 585 987 652; x_wconf 89' lang='lat' dir='ltr'>nullam</span> <span class='ocrx_word' id='word_1_19' title='bbox 1014 587 1104 654; x_wconf 87' lang='lat' dir='ltr'>adbi-</span> 
     </span>
     <span class='ocr_line' id='line_1_4' title="bbox 37 681 1104 757; baseline 0.009 -10"><span class='ocrx_word' id='word_1_20' title='bbox 37 682 108 748; x_wconf 91' lang='lat' dir='ltr'>bnit</span> <span class='ocrx_word' id='word_1_21' title='bbox 129 681 320 747; x_wconf 79' lang='lat' dir='ltr'>memoriam</span> <span class='ocrx_word' id='word_1_22' title='bbox 342 683 557 748; x_wconf 82' lang='lat' dir='ltr'>contumeliae</span> <span class='ocrx_word' id='word_1_23' title='bbox 580 693 614 749; x_wconf 91' lang='lat' dir='ltr'>et</span> <span class='ocrx_word' id='word_1_24' title='bbox 633 684 809 750; x_wconf 87' lang='lat' dir='ltr'>exercitum</span> <span class='ocrx_word' id='word_1_25' title='bbox 831 683 1001 756; x_wconf 86' lang='lat' dir='ltr'>obsidione</span> <span class='ocrx_word' id='word_1_26' title='bbox 1022 690 1104 757; x_wconf 87' lang='lat' dir='ltr'>libe-</span> 
     </span>
     <span class='ocr_line' id='line_1_5' title="bbox 38 781 1136 859; baseline 0.006 -8"><span class='ocrx_word' id='word_1_27' title='bbox 38 796 144 852; x_wconf 89' lang='lat' dir='ltr'>ratum</span> <span class='ocrx_word' id='word_1_28' title='bbox 167 782 298 849; x_wconf 92' lang='lat' dir='ltr'>domum</span> <span class='ocrx_word' id='word_1_29' title='bbox 325 781 453 850; x_wconf 81' lang='lat' dir='ltr'>reduxit</span> <span class='ocrx_word' id='word_1_30' title='bbox 478 785 679 851; x_wconf 92' lang='lat' dir='ltr'>incolumem</span> <span class='ocrx_word' id='word_1_31' title='bbox 722 786 790 852; x_wconf 91' lang='lat' dir='ltr'>Neo</span> <span class='ocrx_word' id='word_1_32' title='bbox 812 807 891 854; x_wconf 90' lang='lat' dir='ltr'>vero</span> <span class='ocrx_word' id='word_1_33' title='bbox 916 787 979 854; x_wconf 90' lang='lat' dir='ltr'>boc</span> <span class='ocrx_word' id='word_1_34' title='bbox 1000 791 1136 859; x_wconf 76' lang='lat' dir='ltr'>semels</span> 
     </span>
     <span class='ocr_line' id='line_1_6' title="bbox 37 884 1202 987; baseline 0.003 -34"><span class='ocrx_word' id='word_1_35' title='bbox 37 889 130 966; x_wconf 88' lang='lat' dir='ltr'>iecit,</span> <span class='ocrx_word' id='word_1_36' title='bbox 158 884 219 954; x_wconf 84' lang='lat' dir='ltr'>sed</span> <span class='ocrx_word' id='word_1_37' title='bbox 247 885 387 973; x_wconf 83' lang='lat' dir='ltr'>saepius</span> <span class='ocrx_word' id='word_1_38' title='bbox 435 887 569 952; x_wconf 82' lang='lat' dir='ltr'>Maxime</span> <span class='ocrx_word' id='word_1_39' title='bbox 597 897 704 953; x_wconf 92' lang='lat' dir='ltr'>autem</span> <span class='ocrx_word' id='word_1_40' title='bbox 733 887 790 954; x_wconf 85' lang='lat' dir='ltr'>luit</span> <span class='ocrx_word' id='word_1_41' title='bbox 820 887 942 956; x_wconf 86' lang='lat' dir='ltr'>illustre</span> <span class='ocrx_word' id='word_1_42' title='bbox 970 911 1044 957; x_wconf 89' lang='lat' dir='ltr'>curn</span> <span class='ocrx_word' id='word_1_43' title='bbox 1071 893 1145 957; x_wconf 70' lang='lat' dir='ltr'>inA</span> <span class='ocrx_word' id='word_1_44' title='bbox 1118 895 1202 987; x_wconf 66' lang='lat' dir='ltr'>sall·</span> 
     </span>
     <span class='ocr_line' id='line_1_7' title="bbox 37 987 1104 1078; baseline 0.006 -22"><span class='ocrx_word' id='word_1_45' title='bbox 37 992 299 1078; x_wconf 87' lang='lat' dir='ltr'>Peloponnesum</span> <span class='ocrx_word' id='word_1_46' title='bbox 324 988 501 1054; x_wconf 88' lang='lat' dir='ltr'>exercitum</span> <span class='ocrx_word' id='word_1_47' title='bbox 529 987 673 1056; x_wconf 85' lang='lat' dir='ltr'>duxisset</span> <span class='ocrx_word' id='word_1_48' title='bbox 699 989 857 1058; x_wconf 85' lang='lat' dir='ltr'>adversus</span> <span class='ocrx_word' id='word_1_49' title='bbox 882 992 1104 1062; x_wconf 89' lang='lat' dir='ltr'>Lacedaemo-</span> 
     </span>
     <span class='ocr_line' id='line_1_8' title="bbox 39 1088 1102 1186; baseline 0.004 -26"><span class='ocrx_word' id='word_1_50' title='bbox 39 1096 109 1160; x_wconf 93' lang='lat' dir='ltr'>nios</span> <span class='ocrx_word' id='word_1_51' title='bbox 130 1091 334 1186; x_wconf 80' lang='lat' dir='ltr'>haberetque</span> <span class='ocrx_word' id='word_1_52' title='bbox 356 1088 500 1178; x_wconf 85' lang='lat' dir='ltr'>collegas</span> <span class='ocrx_word' id='word_1_53' title='bbox 523 1088 620 1171; x_wconf 90' lang='lat' dir='ltr'>duos,</span> <span class='ocrx_word' id='word_1_54' title='bbox 649 1109 786 1179; x_wconf 92' lang='lat' dir='ltr'>quorum</span> <span class='ocrx_word' id='word_1_55' title='bbox 810 1093 892 1160; x_wconf 90' lang='lat' dir='ltr'>alter</span> <span class='ocrx_word' id='word_1_56' title='bbox 918 1105 988 1164; x_wconf 88' lang='lat' dir='ltr'>erat</span> <span class='ocrx_word' id='word_1_57' title='bbox 1008 1095 1102 1164; x_wconf 87' lang='lat' dir='ltr'>Pelo-</span> 
     </span>
     <span class='ocr_line' id='line_1_9' title="bbox 40 1193 1126 1283; baseline 0.006 -24"><span class='ocrx_word' id='word_1_58' title='bbox 40 1194 148 1283; x_wconf 87' lang='lat' dir='ltr'>pidas,</span> <span class='ocrx_word' id='word_1_59' title='bbox 174 1193 224 1261; x_wconf 92' lang='lat' dir='ltr'>vir</span> <span class='ocrx_word' id='word_1_60' title='bbox 245 1193 334 1258; x_wconf 85' lang='lat' dir='ltr'>tortis</span> <span class='ocrx_word' id='word_1_61' title='bbox 356 1213 395 1259; x_wconf 89' lang='lat' dir='ltr'>ae</span> <span class='ocrx_word' id='word_1_62' title='bbox 423 1201 580 1259; x_wconf 78' lang='lat' dir='ltr'>strenuus</span> <span class='ocrx_word' id='word_1_63' title='bbox 622 1193 661 1258; x_wconf 91' lang='lat' dir='ltr'>lli</span> <span class='ocrx_word' id='word_1_64' title='bbox 684 1213 758 1260; x_wconf 90' lang='lat' dir='ltr'>cum</span> <span class='ocrx_word' id='word_1_65' title='bbox 780 1194 964 1263; x_wconf 84' lang='lat' dir='ltr'>criminibus</span> <span class='ocrx_word' id='word_1_66' title='bbox 986 1195 1126 1266; x_wconf 64' lang='lat' dir='ltr'>adver-v</span> 
     </span>
     <span class='ocr_line' id='line_1_10' title="bbox 40 1293 1138 1387; baseline 0.005 -24"><span class='ocrx_word' id='word_1_67' title='bbox 40 1297 196 1363; x_wconf 88' lang='lat' dir='ltr'>sariorum</span> <span class='ocrx_word' id='word_1_68' title='bbox 224 1317 339 1363; x_wconf 90' lang='lat' dir='ltr'>omnes</span> <span class='ocrx_word' id='word_1_69' title='bbox 366 1295 397 1361; x_wconf 93' lang='lat' dir='ltr'>in</span> <span class='ocrx_word' id='word_1_70' title='bbox 425 1293 575 1361; x_wconf 88' lang='lat' dir='ltr'>invidiam</span> <span class='ocrx_word' id='word_1_71' title='bbox 597 1294 761 1361; x_wconf 87' lang='lat' dir='ltr'>venissent</span> <span class='ocrx_word' id='word_1_72' title='bbox 787 1295 829 1363; x_wconf 92' lang='lat' dir='ltr'>ob</span> <span class='ocrx_word' id='word_1_73' title='bbox 861 1319 999 1387; x_wconf 87' lang='lat' dir='ltr'>eamque</span> <span class='ocrx_word' id='word_1_74' title='bbox 1028 1321 1099 1368; x_wconf 89' lang='lat' dir='ltr'>rem</span> <span class='ocrx_word' id='word_1_75' title='bbox 1135 1335 1138 1340; x_wconf 39' lang='lat'>¹</span> 
     </span>
     <span class='ocr_line' id='line_1_11' title="bbox 39 1395 1099 1488; baseline 0.007 -24"><span class='ocrx_word' id='word_1_76' title='bbox 39 1399 207 1488; x_wconf 89' lang='lat' dir='ltr'>imperium</span> <span class='ocrx_word' id='word_1_77' title='bbox 241 1397 291 1464; x_wconf 90' lang='lat' dir='ltr'>his</span> <span class='ocrx_word' id='word_1_78' title='bbox 324 1408 413 1464; x_wconf 86' lang='lat' dir='ltr'>esset</span> <span class='ocrx_word' id='word_1_79' title='bbox 442 1395 632 1486; x_wconf 81' lang='lat' dir='ltr'>abrogatum</span> <span class='ocrx_word' id='word_1_80' title='bbox 661 1407 758 1486; x_wconf 89' lang='lat' dir='ltr'>atque</span> <span class='ocrx_word' id='word_1_81' title='bbox 786 1398 817 1464; x_wconf 94' lang='lat' dir='ltr'>iu</span> <span class='ocrx_word' id='word_1_82' title='bbox 845 1419 958 1470; x_wconf 84' lang='lat' dir='ltr'>eorum</span> <span class='ocrx_word' id='word_1_83' title='bbox 990 1401 1099 1471; x_wconf 89' lang='lat' dir='ltr'>locum</span> 
     </span>
     <span class='ocr_line' id='line_1_12' title="bbox 39 1499 1131 1590; baseline 0.004 -21"><span class='ocrx_word' id='word_1_84' title='bbox 39 1503 89 1570; x_wconf 89' lang='lat' dir='ltr'>alii</span> <span class='ocrx_word' id='word_1_85' title='bbox 111 1512 282 1590; x_wconf 86' lang='lat' dir='ltr'>praetores</span> <span class='ocrx_word' id='word_1_86' title='bbox 300 1501 542 1578; x_wconf 85' lang='lat' dir='ltr'>successissent,</span> <span class='ocrx_word' id='word_1_87' title='bbox 564 1499 799 1587; x_wconf 81' lang='lat' dir='ltr'>Epaminondas</span> <span class='ocrx_word' id='word_1_88' title='bbox 819 1501 1012 1588; x_wconf 90' lang='lat' dir='ltr'>populiscito</span> <span class='ocrx_word' id='word_1_89' title='bbox 1033 1528 1131 1582; x_wconf 67' lang='lat' dir='ltr'>nona</span> 
     </span>
     <span class='ocr_line' id='line_1_13' title="bbox 39 1601 1098 1694; baseline 0 -23"><span class='ocrx_word' id='word_1_90' title='bbox 39 1606 144 1694; x_wconf 87' lang='lat' dir='ltr'>paruit</span> <span class='ocrx_word' id='word_1_91' title='bbox 170 1602 323 1692; x_wconf 84' lang='lat' dir='ltr'>idemque</span> <span class='ocrx_word' id='word_1_92' title='bbox 352 1612 385 1668; x_wconf 87' lang='lat' dir='ltr'>ut</span> <span class='ocrx_word' id='word_1_93' title='bbox 411 1602 555 1668; x_wconf 85' lang='lat' dir='ltr'>lacerent</span> <span class='ocrx_word' id='word_1_94' title='bbox 574 1602 738 1689; x_wconf 86' lang='lat' dir='ltr'>persuasit</span> <span class='ocrx_word' id='word_1_95' title='bbox 757 1601 891 1691; x_wconf 83' lang='lat' dir='ltr'>collegis</span> <span class='ocrx_word' id='word_1_96' title='bbox 914 1613 947 1669; x_wconf 89' lang='lat' dir='ltr'>et</span> <span class='ocrx_word' id='word_1_97' title='bbox 967 1602 1098 1684; x_wconf 91' lang='lat' dir='ltr'>bellum,</span> 
     </span>
     <span class='ocr_line' id='line_1_14' title="bbox 41 1703 1097 1795; baseline 0.002 -22"><span class='ocrx_word' id='word_1_98' title='bbox 41 1706 131 1795; x_wconf 89' lang='lat' dir='ltr'>quod</span> <span class='ocrx_word' id='word_1_99' title='bbox 156 1717 359 1794; x_wconf 87' lang='lat' dir='ltr'>susceperat,</span> <span class='ocrx_word' id='word_1_100' title='bbox 387 1703 494 1794; x_wconf 80' lang='lat' dir='ltr'>gessit</span> <span class='ocrx_word' id='word_1_101' title='bbox 541 1705 687 1794; x_wconf 90' lang='lat' dir='ltr'>Namque</span> <span class='ocrx_word' id='word_1_102' title='bbox 716 1704 1008 1784; x_wconf 83' lang='lat' dir='ltr'>animadvertebat,</span> <span class='ocrx_word' id='word_1_103' title='bbox 1037 1709 1097 1775; x_wconf 92' lang='lat' dir='ltr'>nisi</span> 
     </span>
     <span class='ocr_line' id='line_1_15' title="bbox 40 1807 1098 1898; baseline 0.002 -24"><span class='ocrx_word' id='word_1_104' title='bbox 40 1809 76 1874; x_wconf 90' lang='lat' dir='ltr'>id</span> <span class='ocrx_word' id='word_1_105' title='bbox 102 1809 242 1887; x_wconf 90' lang='lat' dir='ltr'>iecisset,</span> <span class='ocrx_word' id='word_1_106' title='bbox 272 1817 375 1874; x_wconf 90' lang='lat' dir='ltr'>totum</span> <span class='ocrx_word' id='word_1_107' title='bbox 402 1807 578 1872; x_wconf 88' lang='lat' dir='ltr'>exereitum</span> <span class='ocrx_word' id='word_1_108' title='bbox 604 1818 739 1898; x_wconf 86' lang='lat' dir='ltr'>propter</span> <span class='ocrx_word' id='word_1_109' title='bbox 765 1817 950 1897; x_wconf 86' lang='lat' dir='ltr'>praetorum</span> <span class='ocrx_word' id='word_1_110' title='bbox 977 1810 1098 1898; x_wconf 86' lang='lat' dir='ltr'>impru-</span> 
     </span>
     <span class='ocr_line' id='line_1_16' title="bbox 40 1907 1129 1997; baseline 0.003 -20"><span class='ocrx_word' id='word_1_111' title='bbox 40 1912 181 1978; x_wconf 86' lang='lat' dir='ltr'>dentiam</span> <span class='ocrx_word' id='word_1_112' title='bbox 205 1909 427 1997; x_wconf 86' lang='lat' dir='ltr'>inscitiamque</span> <span class='ocrx_word' id='word_1_113' title='bbox 456 1907 531 1974; x_wconf 90' lang='lat' dir='ltr'>belli</span> <span class='ocrx_word' id='word_1_114' title='bbox 559 1910 743 1996; x_wconf 90' lang='lat' dir='ltr'>periturum.</span> <span class='ocrx_word' id='word_1_115' title='bbox 792 1911 860 1977; x_wconf 86' lang='lat' dir='ltr'>Lex</span> <span class='ocrx_word' id='word_1_116' title='bbox 881 1921 951 1978; x_wconf 89' lang='lat' dir='ltr'>erat</span> <span class='ocrx_word' id='word_1_117' title='bbox 971 1911 1129 1994; x_wconf 78' lang='lat' dir='ltr'>Thebis‚5</span> 
     </span>
     <span class='ocr_line' id='line_1_17' title="bbox 41 2009 1096 2100; baseline 0.004 -23"><span class='ocrx_word' id='word_1_118' title='bbox 41 2032 124 2100; x_wconf 83' lang='lat' dir='ltr'>quae</span> <span class='ocrx_word' id='word_1_119' title='bbox 144 2022 247 2079; x_wconf 89' lang='lat' dir='ltr'>morto</span> <span class='ocrx_word' id='word_1_120' title='bbox 270 2009 435 2090; x_wconf 83' lang='lat' dir='ltr'>multabat,</span> <span class='ocrx_word' id='word_1_121' title='bbox 462 2010 490 2077; x_wconf 91' lang='lat' dir='ltr'>si</span> <span class='ocrx_word' id='word_1_122' title='bbox 513 2011 584 2099; x_wconf 86' lang='lat' dir='ltr'>quis</span> <span class='ocrx_word' id='word_1_123' title='bbox 613 2013 783 2100; x_wconf 88' lang='lat' dir='ltr'>imperium</span> <span class='ocrx_word' id='word_1_124' title='bbox 805 2012 922 2080; x_wconf 88' lang='lat' dir='ltr'>diutius</span> <span class='ocrx_word' id='word_1_125' title='bbox 949 2015 1096 2083; x_wconf 86' lang='lat' dir='ltr'>retinuis-</span> 
     </span>
     <span class='ocr_line' id='line_1_18' title="bbox 40 2110 1096 2207; baseline 0.004 -27"><span class='ocrx_word' id='word_1_126' title='bbox 40 2125 100 2192; x_wconf 89' lang='lat' dir='ltr'>set,</span> <span class='ocrx_word' id='word_1_127' title='bbox 134 2135 232 2203; x_wconf 86' lang='lat' dir='ltr'>quam</span> <span class='ocrx_word' id='word_1_128' title='bbox 262 2113 338 2202; x_wconf 84' lang='lat' dir='ltr'>lege</span> <span class='ocrx_word' id='word_1_129' title='bbox 369 2110 571 2207; x_wconf 83' lang='lat' dir='ltr'>praefinitum</span> <span class='ocrx_word' id='word_1_130' title='bbox 602 2111 693 2182; x_wconf 85' lang='lat' dir='ltr'>ieret.</span> <span class='ocrx_word' id='word_1_131' title='bbox 746 2114 835 2180; x_wconf 90' lang='lat' dir='ltr'>Hanc</span> <span class='ocrx_word' id='word_1_132' title='bbox 860 2115 1096 2202; x_wconf 87' lang='lat' dir='ltr'>Epaminondas</span> 
     </span>
     <span class='ocr_line' id='line_1_19' title="bbox 40 2214 1095 2304; baseline 0.003 -23"><span class='ocrx_word' id='word_1_133' title='bbox 40 2237 109 2283; x_wconf 87' lang='lat' dir='ltr'>enm</span> <span class='ocrx_word' id='word_1_134' title='bbox 131 2215 348 2304; x_wconf 89' lang='lat' dir='ltr'>reipublicae</span> <span class='ocrx_word' id='word_1_135' title='bbox 371 2214 614 2282; x_wconf 88' lang='lat' dir='ltr'>conservandae</span> <span class='ocrx_word' id='word_1_136' title='bbox 636 2236 751 2282; x_wconf 90' lang='lat' dir='ltr'>caussa</span> <span class='ocrx_word' id='word_1_137' title='bbox 772 2216 869 2284; x_wconf 87' lang='lat' dir='ltr'>latam</span> <span class='ocrx_word' id='word_1_138' title='bbox 891 2214 1029 2295; x_wconf 87' lang='lat' dir='ltr'>videret,</span> <span class='ocrx_word' id='word_1_139' title='bbox 1051 2219 1095 2284; x_wconf 91' lang='lat' dir='ltr'>ad</span> 
     </span>
     <span class='ocr_line' id='line_1_20' title="bbox 39 2315 1094 2408; baseline 0.004 -26"><span class='ocrx_word' id='word_1_140' title='bbox 39 2319 213 2405; x_wconf 85' lang='lat' dir='ltr'>pumiciem</span> <span class='ocrx_word' id='word_1_141' title='bbox 241 2318 374 2388; x_wconf 88' lang='lat' dir='ltr'>civitatis</span> <span class='ocrx_word' id='word_1_142' title='bbox 401 2317 549 2385; x_wconf 83' lang='lat' dir='ltr'>conferre</span> <span class='ocrx_word' id='word_1_143' title='bbox 576 2316 676 2394; x_wconf 86' lang='lat' dir='ltr'>¹noluit</span> <span class='ocrx_word' id='word_1_144' title='bbox 708 2329 742 2388; x_wconf 89' lang='lat' dir='ltr'>et</span> <span class='ocrx_word' id='word_1_145' title='bbox 767 2328 903 2408; x_wconf 90' lang='lat' dir='ltr'>quatuor</span> <span class='ocrx_word' id='word_1_146' title='bbox 929 2315 1094 2389; x_wconf 86' lang='lat' dir='ltr'>mensibus</span> 
     </span>
     <span class='ocr_line' id='line_1_21' title="bbox 39 2419 924 2510; baseline 0 -24"><span class='ocrx_word' id='word_1_147' title='bbox 39 2421 159 2501; x_wconf 89' lang='lat' dir='ltr'>diutius,</span> <span class='ocrx_word' id='word_1_148' title='bbox 183 2443 279 2509; x_wconf 91' lang='lat' dir='ltr'>quam</span> <span class='ocrx_word' id='word_1_149' title='bbox 301 2419 440 2510; x_wconf 91' lang='lat' dir='ltr'>populus</span> <span class='ocrx_word' id='word_1_150' title='bbox 458 2419 607 2507; x_wconf 83' lang='lat' dir='ltr'>jusserat,</span> <span class='ocrx_word' id='word_1_151' title='bbox 628 2423 729 2509; x_wconf 80' lang='lat' dir='ltr'>gessit</span> <span class='ocrx_word' id='word_1_152' title='bbox 748 2421 924 2508; x_wconf 87' lang='lat' dir='ltr'>imperium</span> 
     </span>
    </p>

    <p class='ocr_par' dir='ltr' id='par_1_3' title="bbox 39 2520 1124 2715">
     <span class='ocr_line' id='line_1_22' title="bbox 120 2520 1124 2614; baseline -0.002 -24"><span class='ocrx_word' id='word_1_153' title='bbox 120 2525 197 2612; x_wconf 86' lang='lat' dir='ltr'>Cap.</span> <span class='ocrx_word' id='word_1_154' title='bbox 218 2525 289 2591; x_wconf 86' lang='lat' dir='ltr'>lllll.</span> <span class='ocrx_word' id='word_1_155' title='bbox 331 2524 505 2614; x_wconf 88' lang='lat' dir='ltr'>Postquam</span> <span class='ocrx_word' id='word_1_156' title='bbox 532 2520 664 2588; x_wconf 92' lang='lat' dir='ltr'>domum</span> <span class='ocrx_word' id='word_1_157' title='bbox 689 2523 827 2590; x_wconf 90' lang='lat' dir='ltr'>reditum</span> <span class='ocrx_word' id='word_1_158' title='bbox 856 2534 920 2601; x_wconf 90' lang='lat' dir='ltr'>est,</span> <span class='ocrx_word' id='word_1_159' title='bbox 947 2522 1124 2612; x_wconf 61' lang='lat' dir='ltr'>collegam</span> 
     </span>
     <span class='ocr_line' id='line_1_23' title="bbox 39 2623 1095 2715; baseline -0.002 -23"><span class='ocrx_word' id='word_1_160' title='bbox 39 2627 104 2715; x_wconf 88' lang='lat' dir='ltr'>ejus</span> <span class='ocrx_word' id='word_1_161' title='bbox 137 2625 202 2694; x_wconf 91' lang='lat' dir='ltr'>hoc</span> <span class='ocrx_word' id='word_1_162' title='bbox 232 2627 362 2694; x_wconf 91' lang='lat' dir='ltr'>crimine</span> <span class='ocrx_word' id='word_1_163' title='bbox 399 2623 651 2704; x_wconf 88' lang='lat' dir='ltr'>accusabantur,</span> <span class='ocrx_word' id='word_1_164' title='bbox 688 2626 805 2714; x_wconf 92' lang='lat' dir='ltr'>quibus</span> <span class='ocrx_word' id='word_1_165' title='bbox 845 2625 898 2692; x_wconf 90' lang='lat' dir='ltr'>ille</span> <span class='ocrx_word' id='word_1_166' title='bbox 935 2627 1095 2715; x_wconf 83' lang='lat' dir='ltr'>permisit,</span> 
     </span>
    </p>
   </div>
   <div class='ocr_carea' id='block_1_3' title="bbox 39 2727 1094 2822">
    <p class='ocr_par' dir='ltr' id='par_1_4' title="bbox 39 2727 1094 2822">
     <span class='ocr_line' id='line_1_24' title="bbox 39 2727 1094 2822; baseline 0 -26"><span class='ocrx_word' id='word_1_167' title='bbox 39 2750 164 2798; x_wconf 87' lang='lat' dir='ltr'>omnem</span> <span class='ocrx_word' id='word_1_168' title='bbox 189 2739 227 2798; x_wconf 91' lang='lat' dir='ltr'>ut</span> <span class='ocrx_word' id='word_1_169' title='bbox 251 2749 400 2802; x_wconf 87' lang='lat' dir='ltr'>caussam</span> <span class='ocrx_word' id='word_1_170' title='bbox 427 2728 459 2798; x_wconf 90' lang='lat' dir='ltr'>in</span> <span class='ocrx_word' id='word_1_171' title='bbox 485 2749 523 2798; x_wconf 90' lang='lat' dir='ltr'>se</span> <span class='ocrx_word' id='word_1_172' title='bbox 544 2727 751 2800; x_wconf 81' lang='lat' dir='ltr'>transferrent</span> <span class='ocrx_word' id='word_1_173' title='bbox 778 2749 903 2822; x_wconf 88' lang='lat' dir='ltr'>suaque</span> <span class='ocrx_word' id='word_1_174' title='bbox 925 2749 1026 2819; x_wconf 86' lang='lat' dir='ltr'>opera</span> <span class='ocrx_word' id='word_1_175' title='bbox 1048 2728 1094 2798; x_wconf 85' lang='lat' dir='ltr'>la-</span> 
     </span>
    </p>
   </div>
   <div class='ocr_carea' id='block_1_4' title="bbox 37 3028 1093 4290">
    <p class='ocr_par' dir='ltr' id='par_1_5' title="bbox 37 3028 1093 3427">
     <span class='ocr_line' id='line_1_25' title="bbox 101 3028 1093 3104; baseline -0.005 -16"><span class='ocrx_word' id='word_1_176' title='bbox 101 3034 173 3104; x_wconf 62' lang='lat'>5⁶3·</span> <span class='ocrx_word' id='word_1_177' title='bbox 208 3034 266 3086; x_wconf 81' lang='lat' dir='ltr'>Nec</span> <span class='ocrx_word' id='word_1_178' title='bbox 287 3053 355 3088; x_wconf 80' lang='lat' dir='ltr'>aere.</span> <span class='ocrx_word' id='word_1_179' title='bbox 391 3033 587 3087; x_wconf 65' lang='lat' dir='ltr'>Siciliensi.</span> <span class='ocrx_word' id='word_1_180' title='bbox 611 3028 894 3089; x_wconf 68' lang='lat' dir='ltr'>Leid.2.voss.A.</span> <span class='ocrx_word' id='word_1_181' title='bbox 918 3057 952 3073; x_wconf 85' lang='lat'>-·</span> <span class='ocrx_word' id='word_1_182' title='bbox 976 3031 1093 3104; x_wconf 74' lang='lat' dir='ltr'>vulger</span> 
     </span>
     <span class='ocr_line' id='line_1_26' title="bbox 37 3115 1093 3190; baseline 0.002 -23"><span class='ocrx_word' id='word_1_183' title='bbox 37 3118 126 3189; x_wconf 75' lang='lat' dir='ltr'>Neque</span> <span class='ocrx_word' id='word_1_184' title='bbox 140 3137 212 3171; x_wconf 81' lang='lat' dir='ltr'>vero.</span> <span class='ocrx_word' id='word_1_185' title='bbox 231 3147 265 3160; x_wconf 90' lang='lat'>-</span> <span class='ocrx_word' id='word_1_186' title='bbox 282 3125 308 3170; x_wconf 81' lang='lat' dir='ltr'>in</span> <span class='ocrx_word' id='word_1_187' title='bbox 324 3119 538 3190; x_wconf 69' lang='lat' dir='ltr'>Peloponnesum.</span> <span class='ocrx_word' id='word_1_188' title='bbox 561 3115 608 3170; x_wconf 84' lang='lat' dir='ltr'>sic</span> <span class='ocrx_word' id='word_1_189' title='bbox 629 3116 681 3170; x_wconf 77' lang='lat' dir='ltr'>(iu.</span> <span class='ocrx_word' id='word_1_190' title='bbox 701 3123 731 3170; x_wconf 82' lang='lat' dir='ltr'>ei</span> <span class='ocrx_word' id='word_1_191' title='bbox 748 3121 819 3169; x_wconf 86' lang='lat' dir='ltr'>vett.</span> <span class='ocrx_word' id='word_1_192' title='bbox 838 3115 910 3169; x_wconf 73' lang='lat' dir='ltr'>Edd.</span> <span class='ocrx_word' id='word_1_193' title='bbox 931 3130 1040 3170; x_wconf 82' lang='lat' dir='ltr'>omnes.</span> <span class='ocrx_word' id='word_1_194' title='bbox 1058 3147 1093 3158; x_wconf 90' lang='lat'>·-</span> 
     </span>
     <span class='ocr_line' id='line_1_27' title="bbox 38 3197 1092 3273; baseline 0.001 -18"><span class='ocrx_word' id='word_1_195' title='bbox 38 3202 132 3256; x_wconf 86' lang='lat' dir='ltr'>ltoeol.</span> <span class='ocrx_word' id='word_1_196' title='bbox 155 3204 211 3256; x_wconf 79' lang='lat' dir='ltr'>Ax.</span> <span class='ocrx_word' id='word_1_197' title='bbox 232 3204 318 3257; x_wconf 83' lang='lat' dir='ltr'>Voss.</span> <span class='ocrx_word' id='word_1_198' title='bbox 337 3202 370 3255; x_wconf 86' lang='lat' dir='ltr'>B.</span> <span class='ocrx_word' id='word_1_199' title='bbox 394 3209 420 3254; x_wconf 82' lang='lat' dir='ltr'>in</span> <span class='ocrx_word' id='word_1_200' title='bbox 444 3218 501 3254; x_wconf 89' lang='lat' dir='ltr'>om.</span> <span class='ocrx_word' id='word_1_201' title='bbox 525 3197 560 3242; x_wconf 88' lang='lat'>·-&#39;</span> <span class='ocrx_word' id='word_1_202' title='bbox 587 3202 659 3253; x_wconf 81' lang='lat' dir='ltr'>duee.</span> <span class='ocrx_word' id='word_1_203' title='bbox 685 3201 739 3254; x_wconf 84' lang='lat' dir='ltr'>Ed.</span> <span class='ocrx_word' id='word_1_204' title='bbox 763 3201 835 3271; x_wconf 72' lang='lat' dir='ltr'>Arg.</span> <span class='ocrx_word' id='word_1_205' title='bbox 859 3200 927 3252; x_wconf 81' lang='lat' dir='ltr'>Par.</span> <span class='ocrx_word' id='word_1_206' title='bbox 949 3204 971 3255; x_wconf 93' lang='lat' dir='ltr'>l.</span> <span class='ocrx_word' id='word_1_207' title='bbox 996 3201 1092 3273; x_wconf 63' lang='lat' dir='ltr'>bleffe</span> 
     </span>
     <span class='ocr_line' id='line_1_28' title="bbox 37 3283 1091 3356; baseline 0.002 -20"><span class='ocrx_word' id='word_1_208' title='bbox 37 3305 97 3338; x_wconf 80' lang='lat' dir='ltr'>enos.</span> <span class='ocrx_word' id='word_1_209' title='bbox 115 3317 151 3328; x_wconf 88' lang='lat'><em>-</em></span> <span class='ocrx_word' id='word_1_210' title='bbox 172 3289 212 3340; x_wconf 76' lang='lat'>111·</span> <span class='ocrx_word' id='word_1_211' title='bbox 228 3307 291 3340; x_wconf 82' lang='lat' dir='ltr'>cum.</span> <span class='ocrx_word' id='word_1_212' title='bbox 315 3288 363 3340; x_wconf 85' lang='lat' dir='ltr'>Sic</span> <span class='ocrx_word' id='word_1_213' title='bbox 380 3285 480 3356; x_wconf 71' lang='lat' dir='ltr'>Boocl.</span> <span class='ocrx_word' id='word_1_214' title='bbox 500 3287 556 3339; x_wconf 81' lang='lat' dir='ltr'>Ax.</span> <span class='ocrx_word' id='word_1_215' title='bbox 573 3285 660 3339; x_wconf 81' lang='lat' dir='ltr'>Voss.</span> <span class='ocrx_word' id='word_1_216' title='bbox 684 3286 719 3336; x_wconf 81' lang='lat' dir='ltr'>A.</span> <span class='ocrx_word' id='word_1_217' title='bbox 743 3283 823 3336; x_wconf 68' lang='lat' dir='ltr'>[aeid.</span> <span class='ocrx_word' id='word_1_218' title='bbox 841 3287 868 3338; x_wconf 76' lang='lat'>2.</span> <span class='ocrx_word' id='word_1_219' title='bbox 891 3285 945 3339; x_wconf 78' lang='lat' dir='ltr'>Ed.</span> <span class='ocrx_word' id='word_1_220' title='bbox 964 3285 1040 3340; x_wconf 83' lang='lat' dir='ltr'>Ultr.</span> <span class='ocrx_word' id='word_1_221' title='bbox 1058 3317 1091 3329; x_wconf 90' lang='lat'>-·</span> 
     </span>
     <span class='ocr_line' id='line_1_29' title="bbox 38 3369 738 3427; baseline -0.003 -6"><span class='ocrx_word' id='word_1_222' title='bbox 38 3369 108 3424; x_wconf 75' lang='lat' dir='ltr'>Dan.</span> <span class='ocrx_word' id='word_1_223' title='bbox 129 3371 197 3426; x_wconf 62' lang='lat' dir='ltr'>(lua</span> <span class='ocrx_word' id='word_1_224' title='bbox 216 3373 265 3424; x_wconf 70' lang='lat'><em>1111·</em></span> <span class='ocrx_word' id='word_1_225' title='bbox 281 3391 345 3427; x_wconf 84' lang='lat' dir='ltr'>cum.</span> <span class='ocrx_word' id='word_1_226' title='bbox 362 3401 397 3415; x_wconf 90' lang='lat'>·-·</span> <span class='ocrx_word' id='word_1_227' title='bbox 414 3371 486 3424; x_wconf 84' lang='lat' dir='ltr'>Edd.</span> <span class='ocrx_word' id='word_1_228' title='bbox 506 3371 586 3424; x_wconf 72' lang='lat' dir='ltr'>rell:</span> <span class='ocrx_word' id='word_1_229' title='bbox 605 3369 658 3421; x_wconf 81' lang='lat' dir='ltr'>Hic</span> <span class='ocrx_word' id='word_1_230' title='bbox 675 3387 738 3420; x_wconf 79' lang='lat' dir='ltr'>cem.</span> 
     </span>
    </p>

    <p class='ocr_par' dir='ltr' id='par_1_6' title="bbox 38 3451 1090 3680">
     <span class='ocr_line' id='line_1_30' title="bbox 99 3451 1090 3527; baseline -0.002 -18"><span class='ocrx_word' id='word_1_231' title='bbox 99 3454 126 3522; x_wconf 59' lang='grc' dir='ltr'>ὅ.</span> <span class='ocrx_word' id='word_1_232' title='bbox 146 3458 173 3509; x_wconf 79' lang='lat' dir='ltr'>d.</span> <span class='ocrx_word' id='word_1_233' title='bbox 202 3457 369 3527; x_wconf 79' lang='lat' dir='ltr'>populiscito.</span> <span class='ocrx_word' id='word_1_234' title='bbox 405 3453 697 3509; x_wconf 62' lang='lat' dir='ltr'>sententiavit.</span> <span class='ocrx_word' id='word_1_235' title='bbox 720 3451 1090 3510; x_wconf 62' lang='lat' dir='ltr'>Baulos-nnuma.</span> 
     </span>
     <span class='ocr_line' id='line_1_31' title="bbox 38 3537 1090 3610; baseline -0.002 -21"><span class='ocrx_word' id='word_1_236' title='bbox 38 3543 115 3592; x_wconf 76' lang='lat' dir='ltr'>vett·</span> <span class='ocrx_word' id='word_1_237' title='bbox 133 3538 281 3610; x_wconf 77' lang='lat' dir='ltr'>plebiscito.</span> <span class='ocrx_word' id='word_1_238' title='bbox 300 3570 332 3580; x_wconf 97' lang='lat'><em>-</em></span> <span class='ocrx_word' id='word_1_239' title='bbox 355 3540 439 3593; x_wconf 79' lang='lat' dir='ltr'>Voss</span> <span class='ocrx_word' id='word_1_240' title='bbox 458 3539 498 3591; x_wconf 85' lang='grc' dir='ltr'>Β’</span> <span class='ocrx_word' id='word_1_241' title='bbox 515 3538 668 3610; x_wconf 81' lang='lat' dir='ltr'>plebescito.</span> <span class='ocrx_word' id='word_1_242' title='bbox 690 3567 724 3578; x_wconf 92' lang='lat'>-</span> <span class='ocrx_word' id='word_1_243' title='bbox 746 3543 795 3590; x_wconf 77' lang='lat' dir='ltr'>nisi</span> <span class='ocrx_word' id='word_1_244' title='bbox 811 3539 846 3593; x_wconf 82' lang='lat' dir='ltr'>id.</span> <span class='ocrx_word' id='word_1_245' title='bbox 874 3537 922 3590; x_wconf 84' lang='lat' dir='ltr'>Sic</span> <span class='ocrx_word' id='word_1_246' title='bbox 941 3539 1016 3594; x_wconf 77' lang='lat' dir='ltr'>Dan.</span> <span class='ocrx_word' id='word_1_247' title='bbox 1037 3537 1090 3588; x_wconf 80' lang='lat' dir='ltr'>Gn.</span> 
     </span>
     <span class='ocr_line' id='line_1_32' title="bbox 38 3621 1092 3680; baseline -0.002 -7"><span class='ocrx_word' id='word_1_248' title='bbox 38 3621 111 3674; x_wconf 85' lang='lat' dir='ltr'>leid</span> <span class='ocrx_word' id='word_1_249' title='bbox 129 3627 149 3676; x_wconf 91' lang='lat' dir='ltr'>l.</span> <span class='ocrx_word' id='word_1_250' title='bbox 171 3621 269 3676; x_wconf 88' lang='lat' dir='ltr'>Boecl.</span> <span class='ocrx_word' id='word_1_251' title='bbox 286 3623 343 3676; x_wconf 83' lang='lat' dir='ltr'>Ax.</span> <span class='ocrx_word' id='word_1_252' title='bbox 360 3621 414 3675; x_wconf 84' lang='lat' dir='ltr'>Ed.</span> <span class='ocrx_word' id='word_1_253' title='bbox 433 3622 564 3676; x_wconf 82' lang='lat' dir='ltr'>Uitr.-</span> <span class='ocrx_word' id='word_1_254' title='bbox 588 3623 659 3680; x_wconf 80' lang='lat' dir='ltr'>ttdd.</span> <span class='ocrx_word' id='word_1_255' title='bbox 679 3628 765 3676; x_wconf 71' lang='lat' dir='ltr'>nette</span> <span class='ocrx_word' id='word_1_256' title='bbox 785 3621 828 3674; x_wconf 69' lang='lat' dir='ltr'>abt</span> <span class='ocrx_word' id='word_1_257' title='bbox 845 3623 881 3675; x_wconf 81' lang='lat' dir='ltr'>td.</span> <span class='ocrx_word' id='word_1_258' title='bbox 900 3651 935 3664; x_wconf 87' lang='lat'><em>-</em></span> <span class='ocrx_word' id='word_1_259' title='bbox 954 3628 1092 3674; x_wconf 70' lang='lat' dir='ltr'>mactatam·</span> 
     </span>
    </p>

    <p class='ocr_par' dir='ltr' id='par_1_7' title="bbox 38 3705 1091 3863">
     <span class='ocr_line' id='line_1_33' title="bbox 38 3705 1091 3777; baseline -0.003 -18.92"><span class='ocrx_word' id='word_1_260' title='bbox 38 3724 85 3774; x_wconf 75' lang='lat' dir='ltr'>que</span> <span class='ocrx_word' id='word_1_261' title='bbox 104 3707 154 3760; x_wconf 90' lang='lat' dir='ltr'>Sic</span> <span class='ocrx_word' id='word_1_262' title='bbox 173 3707 226 3761; x_wconf 79' lang='lat' dir='ltr'>Gu</span> <span class='ocrx_word' id='word_1_263' title='bbox 244 3709 300 3761; x_wconf 85' lang='lat' dir='ltr'>Ax.</span> <span class='ocrx_word' id='word_1_264' title='bbox 319 3707 375 3760; x_wconf 83' lang='lat' dir='ltr'>Ed.</span> <span class='ocrx_word' id='word_1_265' title='bbox 387 3705 463 3764; x_wconf 78' lang='lat' dir='ltr'>Uitr.</span> <span class='ocrx_word' id='word_1_266' title='bbox 482 3711 512 3760; x_wconf 85' lang='lat' dir='ltr'>et</span> <span class='ocrx_word' id='word_1_267' title='bbox 529 3723 629 3761; x_wconf 82' lang='lat' dir='ltr'>omncs</span> <span class='ocrx_word' id='word_1_268' title='bbox 647 3714 715 3762; x_wconf 85' lang='lat' dir='ltr'>ante</span> <span class='ocrx_word' id='word_1_269' title='bbox 727 3707 824 3761; x_wconf 81' lang='lat' dir='ltr'>Lamb.</span> <span class='ocrx_word' id='word_1_270' title='bbox 843 3707 917 3761; x_wconf 85' lang='lat' dir='ltr'>Edd.</span> <span class='ocrx_word' id='word_1_271' title='bbox 929 3705 1091 3777; x_wconf 72' lang='lat' dir='ltr'>-Vulgm</span> 
     </span>
     <span class='ocr_line' id='line_1_34' title="bbox 38 3797 246 3863; baseline 0.02 -24"><span class='ocrx_word' id='word_1_272' title='bbox 38 3797 246 3863; x_wconf 80' lang='lat' dir='ltr'>inscientiamque.</span> 
     </span>
    </p>

    <p class='ocr_par' dir='ltr' id='par_1_8' title="bbox 37 3872 1091 4012">
     <span class='ocr_line' id='line_1_35' title="bbox 98 3872 1091 3942; baseline -0.011 -9"><span class='ocrx_word' id='word_1_273' title='bbox 98 3873 125 3942; x_wconf 65' lang='lat' dir='ltr'>d</span> <span class='ocrx_word' id='word_1_274' title='bbox 145 3880 171 3932; x_wconf 85' lang='lat'><strong>5</strong></span> <span class='ocrx_word' id='word_1_275' title='bbox 204 3883 358 3932; x_wconf 72' lang='lat' dir='ltr'>retinuisset.</span> <span class='ocrx_word' id='word_1_276' title='bbox 392 3876 442 3931; x_wconf 81' lang='lat' dir='ltr'>Sic</span> <span class='ocrx_word' id='word_1_277' title='bbox 464 3875 541 3930; x_wconf 90' lang='lat' dir='ltr'>Dan.</span> <span class='ocrx_word' id='word_1_278' title='bbox 569 3873 623 3930; x_wconf 79' lang='lat' dir='ltr'>Gn.</span> <span class='ocrx_word' id='word_1_279' title='bbox 647 3881 677 3930; x_wconf 87' lang='lat' dir='ltr'>et</span> <span class='ocrx_word' id='word_1_280' title='bbox 693 3875 820 3929; x_wconf 52' lang='lat' dir='ltr'>Ede„-</span> <span class='ocrx_word' id='word_1_281' title='bbox 841 3872 941 3928; x_wconf 84' lang='lat' dir='ltr'>Beocl</span> <span class='ocrx_word' id='word_1_282' title='bbox 958 3873 1030 3925; x_wconf 57' lang='lat' dir='ltr'>Axe</span> <span class='ocrx_word' id='word_1_283' title='bbox 1055 3878 1091 3923; x_wconf 83' lang='lat' dir='ltr'>te·</span> 
     </span>
     <span class='ocr_line' id='line_1_36' title="bbox 37 3963 133 4012; baseline 0.022 -2"><span class='ocrx_word' id='word_1_284' title='bbox 37 3963 133 4012; x_wconf 68' lang='lat' dir='ltr'>neser.</span> 
     </span>
    </p>

    <p class='ocr_par' dir='ltr' id='par_1_9' title="bbox 473 4037 650 4113">
     <span class='ocr_line' id='line_1_37' title="bbox 473 4037 650 4113; baseline -0.024 -14"><span class='ocrx_word' id='word_1_285' title='bbox 473 4045 544 4113; x_wconf 77' lang='lat' dir='ltr'>Cap.</span> <span class='ocrx_word' id='word_1_286' title='bbox 567 4037 650 4095; x_wconf 79' lang='lat' dir='ltr'>vni.</span> 
     </span>
    </p>

    <p class='ocr_par' dir='ltr' id='par_1_10' title="bbox 98 4123 1093 4224">
     <span class='ocr_line' id='line_1_38' title="bbox 98 4123 1093 4224; baseline -0.006 -40"><span class='ocrx_word' id='word_1_287' title='bbox 98 4127 124 4197; x_wconf 60' lang='grc' dir='ltr'>ᾗ.</span> <span class='ocrx_word' id='word_1_288' title='bbox 150 4131 175 4184; x_wconf 91' lang='lat' dir='ltr'>l.</span> <span class='ocrx_word' id='word_1_289' title='bbox 218 4129 358 4183; x_wconf 73' lang='lat' dir='ltr'>obedirent.</span> <span class='ocrx_word' id='word_1_290' title='bbox 392 4131 445 4184; x_wconf 84' lang='lat' dir='ltr'>Ed.</span> <span class='ocrx_word' id='word_1_291' title='bbox 468 4127 560 4182; x_wconf 59' lang='lat' dir='ltr'>Ultra:</span> <span class='ocrx_word' id='word_1_292' title='bbox 582 4125 789 4179; x_wconf 76' lang='lat' dir='ltr'>obediertet-</span> <span class='ocrx_word' id='word_1_293' title='bbox 814 4123 885 4209; x_wconf 78' lang='lat' dir='ltr'>qnod</span> <span class='ocrx_word' id='word_1_294' title='bbox 899 4126 967 4224; x_wconf 76' lang='lat' dir='ltr'>quid</span> <span class='ocrx_word' id='word_1_295' title='bbox 989 4125 1027 4180; x_wconf 85' lang='lat' dir='ltr'>dt</span> <span class='ocrx_word' id='word_1_296' title='bbox 1022 4133 1093 4178; x_wconf 81' lang='lat' dir='ltr'>eret</span> 
     </span>
    </p>

    <p class='ocr_par' dir='ltr' id='par_1_11' title="bbox 39 4206 628 4290">
     <span class='ocr_line' id='line_1_39' title="bbox 39 4206 628 4290; baseline 0 -26"><span class='ocrx_word' id='word_1_297' title='bbox 39 4206 129 4266; x_wconf 84' lang='lat' dir='ltr'>lloecl.</span> <span class='ocrx_word' id='word_1_298' title='bbox 149 4215 207 4268; x_wconf 82' lang='lat' dir='ltr'>Ax.</span> <span class='ocrx_word' id='word_1_299' title='bbox 226 4215 312 4276; x_wconf 79' lang='lat' dir='ltr'>Voss</span> <span class='ocrx_word' id='word_1_300' title='bbox 331 4213 368 4267; x_wconf 87' lang='lat' dir='ltr'>B:</span> <span class='ocrx_word' id='word_1_301' title='bbox 387 4223 430 4288; x_wconf 77' lang='lat' dir='ltr'>qur·</span> <span class='ocrx_word' id='word_1_302' title='bbox 446 4215 508 4290; x_wconf 73' lang='lat' dir='ltr'>quid</span> <span class='ocrx_word' id='word_1_303' title='bbox 524 4214 628 4266; x_wconf 73' lang='lat' dir='ltr'>diecret</span> 
     </span>
    </p>
   </div>
   <div class='ocr_carea' id='block_1_5' title="bbox 0 0 1414 4704">
    <p class='ocr_par' dir='ltr' id='par_1_12' title="bbox 0 0 1414 4704">
     <span class='ocr_line' id='line_1_40' title="bbox 0 0 1414 4704; baseline 0 0"><span class='ocrx_word' id='word_1_304' title='bbox 0 0 1414 4704; x_wconf 95' lang='lat' dir='ltr'> </span> 
     </span>
    </p>
   </div>
  </div>
 </body>
</html>
