2808 4706
67 1248 160 1330 dam
185 1264 229 1322 ac·
253 1241 591 1330 mansuetudinem
616 1244 656 1318 in
681 1242 906 1328 hominihus
931 1241 1131 1345 audiendis

68 1394 393 1497 admittendisque
418 1394 655 1483 ostenderis,
688 1407 868 1495 quantam
901 1396 1132 1504 aequitatem

68 1561 189 1650 atque,
222 1544 401 1645 justitiam
423 1546 490 1627 in·
516 1545 636 1628 rebus
675 1543 956 1644 cognoscendis
997 1545 1133 1626 decer·

67 1696 290 1799 nendisqoe
328 1698 554 1788 servatoria,
595 1711 746 1800 quanta.
774 1686 1009 1796 benignitate
1045 1696 1134 1776 nub

68 1846 142 1924 lius
176 1872 310 1948 neque
342 1849 513 1951 inopiam
550 1873 681 1949 neque
715 1847 964 1927 solitudinem
1000 1873 1133 1950 neque

68 1998 267 2080 miseriam
283 2024 328 2077 -a
359 2003 434 2085 Te·
452 1999 731 2082 exdudendam
767 2001 957 2101 putaveris
993 2025 1133 2078 omnes

70 2149 215 2251 quibus
241 2150 415 2248 contigit,
448 2164 492 2226 ut
517 2151 847 2249 Tua'cognitione
877 2151 985 2250 digni
1008 2153 1135 2232 existi·

69 2313 283 2388 marentur,
308 2301 358 2378 ita
383 2315 706 2391 commemorant,
733 2315 776 2378 ut
800 2277 840 2377 in
867 2302 1029 2378 summis
1054 2301 1135 2378 lau-

70 2451 186 2528 dibus
219 2473 344 2528 unum
375 2451 470 2528 illud
502 2452 679 2542 doleant,
716 2452 825 2554 quod
858 2478 904 2531 ex
928 2457 1011 2530 'lna
1041 2478 1135 2554 pro-

69 2602 285 2705 pinquitate
309 2604 350 2678 in
375 2613 610 2705 perpetuum
638 2601 785 2704 abrepti
812 2628 897 2682 esse
923 2605 1133 2682 videantur.

70 2757 116 2831 In
140 2780 213 2834 me
242 2778 401 2856 quoque
426 2759 508 2832 Tua
535 2755 738 2840 clarissima
764 2768 803 2833 et
827 2755 987 2832 maxima
1012 2755 1136 2834 bene·

70 2904 158 2983 ficia
183 2907 417 2995 exstiterunt,
445 2931 553 3008 quae,
581 2931 815 3008 quamquam
841 2907 945 2982 nulla
972 2921 1030 2984 est
1050 2929 1135 3004 gra-

70 3057 135 3146 tia,
174 3079 292 3158 quam
324 3058 475 3134 animus
500 3079 613 3133 meus
639 3081 776 3157 capere
800 3081 884 3134 non
910 3056 1048 3156 possit,
1081 3068 1136 3130 ta·

69 3229 166 3284 men
193 3232 336 3286 vereor
368 3234 421 3287 ne
447 3209 638 3285 sustinere
664 3231 747 3284 non
772 3207 931 3308 possim.
984 3205 1134 3304 Quodsi

71 3379 151 3454 ego
180 3371 241 3434 tot
270 3359 461 3461 tantisque
492 3359 672 3438 beneficii
698 3358 856 3437 vinculis
883 3358 969 3438 Tibi
996 3358 1135 3436 obstri-

70 3520 173 3595 ctus,
214 3521 259 3584 ut
295 3510 442 3587 nemini
481 3513 568 3612 plus
608 3511 790 3599 debeam,
836 3510 936 3587 hanc
973 3510 1136 3586 vitarum

70 3657 343 3736 excellentium
368 3661 647 3762 imperatorum
674 3663 885 3742 editionem
906 3662 954 3739 ad
966 3667 1024 3738 Te
1049 3658 1137 3734 mit-

69 3823 158 3887 tere
185 3835 300 3888 ausus
327 3777 423 3900 snm,
449 3825 533 3891 tum
559 3820 617 3893 Te
643 3840 718 3892 oro
745 3828 860 3915 atque
888 3814 1066 3896 obsecro,
1092 3821 1136 3884 ut

68 3959 174 4036 hanc
201 3961 271 4039 etsi
297 3985 380 4038 non
405 3985 598 4061 magnam,
634 3964 704 4043 sed
728 3977 858 4039 tamen
883 3957 1134 4059 locupletissi-

69 4135 179 4190 mam
211 4133 253 4190 ac
279 4113 528 4194 cettissimam
550 4114 645 4217 grati
677 4113 792 4192 animi
822 4123 962 4195 testem
988 4136 1032 4191 ea
1049 4113 1134 4216 ‘qua
