2816 4682
122 545 267 620 XXV.
309 551 364 620 Τ.
386 550 743 626 POMPONIUS
765 552 1041 630 timeus.

167 699 217 756 Ex
235 699 316 758 libro
336 699 473 758 Cornelii
492 699 626 778 Nepotis
647 701 685 760 dc
709 703 812 762 latinis
832 705 998 765 historicis·

449 853 711 940 Argumentum.

102 965 175 1034 Gap.
188 965 211 1019 l.
230 964 318 1018 Natus
327 973 545 1039 putregeneroso
554 975 690 1022 nactusest
700 969 861 1040 praeclaram
870 969 952 1024 dotes.
978 969 1017 1026 ll.
1028 971 1113 1028 Arte-

46 1069 98 1102 nus
115 1067 145 1102 ss
161 1046 273 1117 confert.
290 1051 461 1102 Athenienses
476 1059 586 1120 pecunia
603 1052 730 1107 subierat.
765 1054 819 1108 ΙΙΙ.
837 1055 950 1109 Alienis
967 1066 1026 1110 unte
1045 1057 1112 1111 alios

47 1139 208 1186 carissimus.
249 1133 299 1186 IV.
326 1135 416 1186 Sullae
438 1141 557 1204 acceptus
579 1135 692 1188 Romam
713 1143 852 1209 remigrat.
889 1137 924 1194 V.
950 1144 983 1202 Q.
1002 1143 1113 1194 Caecilii

47 1216 127 1266 lieres
149 1235 182 1266 en
200 1216 335 1269 dodrante.
368 1217 435 1287 Ejus
458 1235 513 1268 cnm
532 1219 658 1272 Cicerone
680 1227 706 1272 et
723 1221 867 1273 Hortensio
891 1243 958 1274 rnre
982 1231 1111 1277 amicitiae

47 1301 151 1369 copule.
191 1298 241 1352 VI.
268 1299 431 1370 Honoribus,
454 1299 555 1363 titilus,
574 1299 754 1370 praefecturis
772 1301 900 1356 abstinens
922 1305 973 1358 soli
987 1307 1112 1378 dignitati

48 1389 139 1434 senii.
180 1381 245 1437 vlt.
269 1385 301 1436 In
318 1385 387 1436 ciuili
403 1383 471 1435 bello
488 1401 567 1454 neque
585 1383 750 1454 Pampejum,
767 1403 847 1456 neqste
865 1388 1007 1440 Gaesarem
1024 1390 1111 1456 offen-

48 1467 97 1518 dit.
132 1465 214 1520 Vlll.
235 1467 327 1519 Occiso
346 1468 464 1518 Caesure
474 1467 586 1518 Brutum
596 1474 709 1536 pecunia
726 1469 841 1538 uellerent.
875 1470 929 1524 lx.
949 1469 993 1522 Ne
1010 1473 1111 1542 quidem

48 1552 167 1600 Antonio
184 1545 295 1616 infestus
312 1557 365 1614 est,
389 1550 438 1602 sed
452 1553 509 1620 ejus
529 1557 605 1602 usuri
627 1558 654 1602 et
674 1549 763 1603 liberis
785 1555 935 1622 opitulatum
968 1553 1007 1610 X.
1026 1557 1112 1606 Anto·

48 1638 106 1683 rrius
129 1629 281 1698 officiorum
304 1635 390 1684 Attici
410 1653 516 1685 memor.
555 1633 609 1685 Xl.
628 1632 791 1703 Proscriptis
804 1636 927 1706 plurrirnis
948 1639 1045 1688 auxilio
1064 1644 1111 1688 est.
1156 1645 1157 1650 ’

48 1715 121 1768 Xll.
143 1715 269 1785 Vipsanio
287 1726 313 1767 et
330 1719 445 1768 Antonio
464 1726 560 1768 tuntum
578 1723 658 1768 utitur
679 1722 706 1767 in
723 1716 893 1786 deprecandis
911 1727 1050 1772 amicorum
1061 1739 1112 1791 pe-

47 1799 148 1854 riculis.
183 1798 267 1858 Xlll,
289 1801 335 1850 De
357 1805 410 1851 uita
427 1801 512 1852 Attici
522 1807 640 1870 priuata.
676 1797 764 1851 Bonus
776 1799 977 1871 paterfamilias
994 1811 1019 1854 ct
1037 1809 1109 1856 ciuis.

47 1881 132 1936 xiv,
156 1881 224 1952 Ejus
245 1901 325 1935 coena
347 1901 448 1952 seraper
477 1885 585 1935 lectione
607 1883 730 1948 conditu,·
753 1885 870 1953 prudens
891 1891 1019 1958 pecuniae
1041 1903 1109 1938 usus.

48 1966 119 2020 XV.
137 1967 273 2018 Mendesii
289 1984 366 2036 osor,
390 1973 417 2018 et
433 1965 532 2019 laloris
549 1985 646 2020 mnons
688 1967 771 2020 xvi.
791 1968 901 2021 Senibus
918 1969 1068 2022 adolescens
1084 1974 1110 2020 et

50 2049 254 2103 adolescentibus
270 2068 348 2101 senen
358 2055 465 2120 pariter
475 2051 612 2120 jucundus.
647 2050 744 2104 XVII.
763 2052 831 2121 Ejus
842 2057 932 2121 pietas
948 2059 974 2105 in
990 2059 1111 2104 matrem.

49 2133 164 2188 XVlll.
190 2135 463 2204 Antiquitalisamor,
504 2133 589 2185 xix.
615 2135 722 2184 Morum
739 2136 873 2204 elegantia
883 2139 1006 2204 peruenit
1022 2140 1047 2186 in
1065 2129 1110 2200 ns·

39 2219 178 2285 finitatem
195 2217 248 2267 dim·
264 2215 339 2267 Julii.
371 2213 441 2267 XX.
462 2217 589 2268 Caesaris
611 2224 637 2268 et
652 2219 762 2268 Antonii
783 2235 838 2268 curn
854 2219 946 2268 Attico
961 2215 1110 2283 familiari·

48 2311 99 2354 tas.
135 2297 220 2358 xxi.
238 2301 378 2352 Extremus
396 2301 452 2369 ejus
468 2299 579 2357 morlens.
613 2299 713 2353 xxlt.
732 2301 799 2370 liius
816 2318 887 2352 mors
903 2307 930 2352 et
946 2301 1087 2370 sepeulturo.

136 2435 211 2523 Cup.
238 2435 259 2498 l.
307 2435 343 2500 Τ.
372 2435 579 2522 Pomponius
606 2438 749 2504 Atticus
783 2433 825 2501 ab
851 2433 974 2521 origine
1001 2433 1142 2505 ultimal

47 2538 156 2627 stirpis
182 2538 346 2602 Romanae
373 2547 544 2623 generatus
578 2548 738 2625 perpetuo
766 2557 786 2602 a
811 2535 987 2624 majoribus
1013 2555 1110 2602 aece-

47 2653 136 2730 ptam
159 2649 346 2727 equestrem
373 2636 506 2702 obtinuit
532 2636 724 2726 dignitatem.
766 2639 862 2704 Patre
889 2659 968 2704 usus
991 2649 1041 2704 est
1062 2637 1144 2706 dtu

47 2744 183 2830 ligente,
215 2739 414 2827 indulgente,
446 2748 491 2815 et,
523 2749 558 2804 ut
584 2753 650 2804 tum
680 2751 772 2806 erant
803 2751 962 2826 tempora,
996 2739 1051 2802 diti
1078 2741 1109 2804 in

47 2843 225 2932 primisque
254 2840 398 2905 studioso
428 2839 611 2906 litterarum.
663 2840 720 2906 Hie
747 2851 843 2928 prout
876 2841 946 2926 ipss
982 2838 1110 2904 uniebat

46 2946 183 3021 litteras,
211 2941 359 3009 omnibus
386 2937 553 3018 doctrinis,
581 2939 698 3027 quibus
725 2943 856 3030 puerilis
879 2951 969 3008 aetas
992 2942 1110 3027 imper-

49 3089 256 3108 ειν-μ,-

254 3141 289 3196 T.
331 3140 646 3210 Pomponius
680 3139 908 3195 Atticus.

169 3225 316 3280 Ex‘libro
341 3226 473 3280 Cornelii
497 3225 620 3292 Nepotis
644 3224 680 3278 de
704 3224 806 3278 latinis
829 3221 988 3278 historicis.

116 3311 163 3362 En
181 3309 247 3362 libro
267 3310 382 3361 Cornelii
399 3317 447 3360 etc.
482 3308 530 3361 Sin
549 3308 622 3379 sn„
641 3313 671 3361 et
690 3309 830 3379 (iusqui
848 3308 930 3361 addit
947 3307 1048 3360 etiam:
1071 3312 1110 3359 in·

45 3400 111 3466 cipit
127 3401 182 3445 uita
198 3395 291 3444 Attici.
306 3421 341 3432 -
357 3393 505 3446 Mendes:
523 3393 703 3444 Historiarum
720 3393 873 3444 Latinarum
890 3393 1006 3442 Cornelii
1019 3391 1110 3460 Nepo-
1135 3449 1139 3456 ,

46 3485 81 3530 tis
99 3483 155 3528 utta
174 3477 260 3527 Attici
265 3497 278 3543 ;
303 3475 454 3528 incudem
472 3476 573 3529 codice
595 3475 667 3528 haec
686 3475 748 3528 vita
771 3475 969 3544 praemittitur
987 3475 1109 3528 Catonis

45 3561 141 3614 vilae.
167 3587 201 3599 -
229 3560 284 3613 Mn.
310 3559 408 3614 Citari.
434 3560 542 3612 Parim:
575 3557 604 3608 V
601 3565 640 3610 ila
661 3560 801 3631 Pomponii
823 3561 909 3611 Attici
930 3577 963 3611 er
986 3559 1110 3609 Cornelio

44 3645 161 3714 Nepote.
178 3673 213 3688 -
231 3643 314 3697 Voss.
332 3642 366 3698 B.
384 3643 459 3696 hane
477 3642 568 3695 vitam
586 3643 696 3696 omisit.

522 3726 592 3793 Cup.
613 3726 637 3778 1.

117 3810 145 3880 ἕ.
164 3812 189 3866 l.
228 3811 261 3862 T.
279 3810 446 3880 Pomponius.
481 3807 530 3862 sie
548 3809 600 3860 Gu.
622 3807 680 3862 tiis.
698 3807 775 3862 Med.
797 3835 832 3851 ·-·
856 3806 928 3860 Edd.
955 3805 1107 3858 antelios.

48 3897 84 3948 Τ.
103 3912 161 3948 om.
180 3923 214 3935 -·
232 3895 378 3946 Romanae.
397 3894 477 3946 Lete.
495 3898 525 3948 2:
544 3893 675 3943 Romano.

116 3979 143 4048 ξ.
162 3983 188 4034 2.
222 3995 282 4030 usus
299 3984 339 4028 est
356 3977 498 4046 diligente,
517 3975 683 4045 indulgente,
701 3981 727 4026 et
742 3981 771 4038 ut
788 3982 848 4024 tum.
882 3971 976 4026 rtet:
995 3991 1054 4022 usus
1071 3973 1111 4022 di·

49 4065 151 4135 ligente
168 4071 194 4114 et
211 4070 239 4112 ut
256 4069 317 4115 tum.
335 4088 369 4100 -
393 4059 446 4111 Ed.
466 4075 510 4128 pr.
529 4057 626 4110 Brix.:
650 4075 709 4108 usus
731 4067 771 4108 est
794 4057 944 4128 indulgente
966 4065 991 4107 et
1008 4064 1035 4107 ut
1053 4063 1111 4106 item.

45 4175 79 4189 -—
98 4151 239 4217 impertiri.
258 4145 342 4200 Voss.
361 4144 398 4199 A.
415 4143 498 4200 Leid.
516 4146 542 4200 2.
562 4141 634 4195 uid.
655 4140 793 4211 quaein:
812 4146 950 4210 impertiri.
1021 4159 1023 4164 ’
