<?xml version="1.0" encoding="UTF-8"?>
<!DOCTYPE html PUBLIC "-//W3C//DTD XHTML 1.0 Transitional//EN"
    "http://www.w3.org/TR/xhtml1/DTD/xhtml1-transitional.dtd">
<html xmlns="http://www.w3.org/1999/xhtml" xml:lang="en" lang="en">
 <head>
  <title>
</title>
<meta http-equiv="Content-Type" content="text/html;charset=utf-8" />
  <meta name='ocr-system' content='tesseract 3.04.00' />
  <meta name='ocr-capabilities' content='ocr_page ocr_carea ocr_par ocr_line ocrx_word'/>
</head>
<body>
  <div class='ocr_page' id='page_1' title='image "./corneliinepotis25nepogoog_0266.png"; bbox 0 0 2816 4682; ppageno 0'>
   <div class='ocr_carea' id='block_1_1' title="bbox 217 281 1115 361">
    <p class='ocr_par' dir='ltr' id='par_1_1' title="bbox 217 281 1115 361">
     <span class='ocr_line' id='line_1_1' title="bbox 217 281 1115 361; baseline 0.001 -20"><span class='ocrx_word' id='word_1_1' title='bbox 217 335 221 341; x_wconf 92' lang='lat'><strong>.</strong></span> <span class='ocrx_word' id='word_1_2' title='bbox 313 282 416 341; x_wconf 83' lang='lat' dir='ltr'><strong>XXV.</strong></span> <span class='ocrx_word' id='word_1_3' title='bbox 453 281 490 342; x_wconf 87' lang='grc' dir='ltr'><strong>Τ.</strong></span> <span class='ocrx_word' id='word_1_4' title='bbox 509 281 702 361; x_wconf 76' lang='lat' dir='ltr'><strong>Pomponius</strong></span> <span class='ocrx_word' id='word_1_5' title='bbox 722 281 858 340; x_wconf 78' lang='lat' dir='ltr'><strong>atticus.</strong></span> <span class='ocrx_word' id='word_1_6' title='bbox 1056 282 1115 342; x_wconf 69' lang='lat'><strong>253</strong></span> 
     </span>
    </p>
   </div>
   <div class='ocr_carea' id='block_1_2' title="bbox 42 430 1180 2142">
    <p class='ocr_par' dir='ltr' id='par_1_2' title="bbox 42 430 1180 2142">
     <span class='ocr_line' id='line_1_2' title="bbox 47 430 1143 521; baseline -0.009 -17"><span class='ocrx_word' id='word_1_7' title='bbox 47 499 51 504; x_wconf 79' lang='grc'>,</span> <span class='ocrx_word' id='word_1_8' title='bbox 141 434 217 521; x_wconf 88' lang='lat' dir='ltr'><strong>Cap.</strong></span> <span class='ocrx_word' id='word_1_9' title='bbox 237 433 271 500; x_wconf 88' lang='lat' dir='ltr'><strong>X.</strong></span> <span class='ocrx_word' id='word_1_10' title='bbox 312 433 368 502; x_wconf 85' lang='lat' dir='ltr'><strong>iiie</strong></span> <span class='ocrx_word' id='word_1_11' title='bbox 391 447 498 502; x_wconf 88' lang='lat' dir='ltr'><strong>autem</strong></span> <span class='ocrx_word' id='word_1_12' title='bbox 518 433 568 499; x_wconf 89' lang='lat' dir='ltr'><strong>sui</strong></span> <span class='ocrx_word' id='word_1_13' title='bbox 585 430 698 520; x_wconf 84' lang='lat' dir='ltr'><strong>judieii</strong></span> <span class='ocrx_word' id='word_1_14' title='bbox 720 433 826 520; x_wconf 91' lang='lat' dir='ltr'><strong>potius</strong></span> <span class='ocrx_word' id='word_1_15' title='bbox 843 430 921 521; x_wconf 87' lang='lat' dir='ltr'><strong>qnid</strong></span> <span class='ocrx_word' id='word_1_16' title='bbox 943 453 980 500; x_wconf 92' lang='lat' dir='ltr'><strong>se</strong></span> <span class='ocrx_word' id='word_1_17' title='bbox 1003 431 1143 501; x_wconf 81' lang='lat' dir='ltr'><strong>iaceret</strong></span> 
     </span>
     <span class='ocr_line' id='line_1_3' title="bbox 49 533 1113 621; baseline 0.002 -21"><span class='ocrx_word' id='word_1_18' title='bbox 49 555 112 621; x_wconf 86' lang='lat' dir='ltr'><strong>par</strong></span> <span class='ocrx_word' id='word_1_19' title='bbox 140 547 229 602; x_wconf 88' lang='lat' dir='ltr'><strong>esset</strong></span> <span class='ocrx_word' id='word_1_20' title='bbox 261 537 461 613; x_wconf 77' lang='lat' dir='ltr'>intuebatur,</span> <span class='ocrx_word' id='word_1_21' title='bbox 493 555 592 621; x_wconf 89' lang='lat' dir='ltr'><strong>quam</strong></span> <span class='ocrx_word' id='word_1_22' title='bbox 618 533 697 620; x_wconf 90' lang='lat' dir='ltr'><strong>quid</strong></span> <span class='ocrx_word' id='word_1_23' title='bbox 731 534 783 600; x_wconf 86' lang='lat' dir='ltr'><strong>alii</strong></span> <span class='ocrx_word' id='word_1_24' title='bbox 814 535 972 602; x_wconf 89' lang='lat' dir='ltr'><strong>laudaturi</strong></span> <span class='ocrx_word' id='word_1_25' title='bbox 999 536 1113 604; x_wconf 83' lang='lat' dir='ltr'><strong>forent.</strong></span> 
     </span>
     <span class='ocr_line' id='line_1_4' title="bbox 48 635 1112 705; baseline 0.005 -5"><span class='ocrx_word' id='word_1_26' title='bbox 48 637 217 704; x_wconf 84' lang='lat' dir='ltr'>Conversa</span> <span class='ocrx_word' id='word_1_27' title='bbox 243 635 351 702; x_wconf 89' lang='lat' dir='ltr'><strong>subito</strong></span> <span class='ocrx_word' id='word_1_28' title='bbox 379 636 504 700; x_wconf 85' lang='lat' dir='ltr'><strong>fortuna</strong></span> <span class='ocrx_word' id='word_1_29' title='bbox 533 645 591 702; x_wconf 88' lang='lat' dir='ltr'><strong>est</strong></span> <span class='ocrx_word' id='word_1_30' title='bbox 634 636 674 698; x_wconf 87' lang='lat' dir='ltr'><strong>Ut</strong></span> <span class='ocrx_word' id='word_1_31' title='bbox 693 635 845 700; x_wconf 79' lang='lat' dir='ltr'><strong>Antonius</strong></span> <span class='ocrx_word' id='word_1_32' title='bbox 872 635 968 700; x_wconf 85' lang='lat' dir='ltr'><strong>rediit</strong></span> <span class='ocrx_word' id='word_1_33' title='bbox 994 638 1024 704; x_wconf 89' lang='lat' dir='ltr'><strong>in</strong></span> <span class='ocrx_word' id='word_1_34' title='bbox 1051 641 1112 705; x_wconf 87' lang='lat' dir='ltr'><strong>lta-</strong></span> 
     </span>
     <span class='ocr_line' id='line_1_5' title="bbox 46 735 1113 824; baseline 0.004 -24"><span class='ocrx_word' id='word_1_35' title='bbox 46 736 139 815; x_wconf 86' lang='lat' dir='ltr'><strong>liam,</strong></span> <span class='ocrx_word' id='word_1_36' title='bbox 165 758 264 802; x_wconf 90' lang='lat' dir='ltr'><strong>nemo</strong></span> <span class='ocrx_word' id='word_1_37' title='bbox 287 757 351 802; x_wconf 90' lang='lat' dir='ltr'><strong>non</strong></span> <span class='ocrx_word' id='word_1_38' title='bbox 374 756 491 822; x_wconf 83' lang='lat' dir='ltr'><strong>magno</strong></span> <span class='ocrx_word' id='word_1_39' title='bbox 513 735 545 800; x_wconf 92' lang='lat' dir='ltr'><strong>in</strong></span> <span class='ocrx_word' id='word_1_40' title='bbox 566 735 712 822; x_wconf 85' lang='lat' dir='ltr'><strong>periculo</strong></span> <span class='ocrx_word' id='word_1_41' title='bbox 733 735 870 802; x_wconf 85' lang='lat' dir='ltr'><strong>Atticum</strong></span> <span class='ocrx_word' id='word_1_42' title='bbox 891 746 1017 822; x_wconf 85' lang='lat' dir='ltr'><strong>putarat</strong></span> <span class='ocrx_word' id='word_1_43' title='bbox 1037 760 1113 824; x_wconf 90' lang='lat' dir='ltr'><strong>pro-</strong></span> 
     </span>
     <span class='ocr_line' id='line_1_6' title="bbox 44 835 1180 924; baseline 0.004 -23"><span class='ocrx_word' id='word_1_44' title='bbox 44 847 124 924; x_wconf 90' lang='lat' dir='ltr'><strong>pter</strong></span> <span class='ocrx_word' id='word_1_45' title='bbox 156 837 298 902; x_wconf 89' lang='lat' dir='ltr'><strong>intimam</strong></span> <span class='ocrx_word' id='word_1_46' title='bbox 329 836 572 910; x_wconf 74' lang='lat' dir='ltr'><strong>familiaritatem</strong></span> <span class='ocrx_word' id='word_1_47' title='bbox 599 835 763 904; x_wconf 84' lang='lat' dir='ltr'><strong>Ciceronis</strong></span> <span class='ocrx_word' id='word_1_48' title='bbox 796 845 829 902; x_wconf 87' lang='lat' dir='ltr'><strong>et</strong></span> <span class='ocrx_word' id='word_1_49' title='bbox 861 837 954 900; x_wconf 82' lang='lat' dir='ltr'><strong>Bruti</strong></span> <span class='ocrx_word' id='word_1_50' title='bbox 1001 839 1146 924; x_wconf 79' lang='lat' dir='ltr'><strong>ltaquea</strong></span> <span class='ocrx_word' id='word_1_51' title='bbox 1174 861 1180 869; x_wconf 86' lang='lat'>·</span> 
     </span>
     <span class='ocr_line' id='line_1_7' title="bbox 44 935 1113 1024; baseline 0.002 -22"><span class='ocrx_word' id='word_1_52' title='bbox 44 937 92 1002; x_wconf 91' lang='lat' dir='ltr'><strong>ad</strong></span> <span class='ocrx_word' id='word_1_53' title='bbox 126 935 301 1004; x_wconf 88' lang='lat' dir='ltr'><strong>adventum</strong></span> <span class='ocrx_word' id='word_1_54' title='bbox 335 937 562 1024; x_wconf 88' lang='lat' dir='ltr'><strong>imperatorum</strong></span> <span class='ocrx_word' id='word_1_55' title='bbox 595 937 638 1004; x_wconf 89' lang='lat' dir='ltr'><strong>de</strong></span> <span class='ocrx_word' id='word_1_56' title='bbox 670 937 740 1003; x_wconf 86' lang='lat' dir='ltr'><strong>toro</strong></span> <span class='ocrx_word' id='word_1_57' title='bbox 774 936 965 1004; x_wconf 82' lang='lat' dir='ltr'><strong>decesserat</strong></span> <span class='ocrx_word' id='word_1_58' title='bbox 997 939 1113 1004; x_wconf 87' lang='lat' dir='ltr'><strong>timens</strong></span> 
     </span>
     <span class='ocr_line' id='line_1_8' title="bbox 42 1037 1114 1126; baseline 0 -22"><span class='ocrx_word' id='word_1_59' title='bbox 42 1038 320 1126; x_wconf 86' lang='lat' dir='ltr'><strong>proscriptionem</strong></span> <span class='ocrx_word' id='word_1_60' title='bbox 347 1039 531 1126; x_wconf 88' lang='lat' dir='ltr'><strong>latebatque</strong></span> <span class='ocrx_word' id='word_1_61' title='bbox 559 1037 646 1126; x_wconf 90' lang='lat' dir='ltr'><strong>apud</strong></span> <span class='ocrx_word' id='word_1_62' title='bbox 673 1038 706 1104; x_wconf 88' lang='lat' dir='ltr'><strong>P.</strong></span> <span class='ocrx_word' id='word_1_63' title='bbox 734 1038 949 1118; x_wconf 83' lang='lat' dir='ltr'><strong>Volumnium,</strong></span> <span class='ocrx_word' id='word_1_64' title='bbox 982 1039 1049 1116; x_wconf 89' lang='lat' dir='ltr'><strong>eui,</strong></span> <span class='ocrx_word' id='word_1_65' title='bbox 1079 1051 1114 1106; x_wconf 89' lang='lat' dir='ltr'><strong>ut</strong></span> 
     </span>
     <span class='ocr_line' id='line_1_9' title="bbox 46 1138 1112 1228; baseline 0.003 -23"><span class='ocrx_word' id='word_1_66' title='bbox 46 1138 267 1218; x_wconf 60' lang='lat' dir='ltr'><strong>ostendimus</strong></span> <span class='ocrx_word' id='word_1_67' title='bbox 293 1140 400 1228; x_wconf 81' lang='lat' dir='ltr'><strong>paullo</strong></span> <span class='ocrx_word' id='word_1_68' title='bbox 423 1151 495 1206; x_wconf 91' lang='lat' dir='ltr'><strong>ante</strong></span> <span class='ocrx_word' id='word_1_69' title='bbox 524 1161 622 1228; x_wconf 89' lang='lat' dir='ltr'><strong>opem</strong></span> <span class='ocrx_word' id='word_1_70' title='bbox 647 1139 764 1206; x_wconf 91' lang='lat' dir='ltr'><strong>tulerat</strong></span> <span class='ocrx_word' id='word_1_71' title='bbox 789 1139 892 1228; x_wconf 90' lang='lat' dir='ltr'><strong>(tanta</strong></span> <span class='ocrx_word' id='word_1_72' title='bbox 913 1141 1051 1208; x_wconf 84' lang='lat' dir='ltr'><strong>varietas</strong></span> <span class='ocrx_word' id='word_1_73' title='bbox 1073 1142 1112 1208; x_wconf 89' lang='lat' dir='ltr'><strong>iis</strong></span> 
     </span>
     <span class='ocr_line' id='line_1_10' title="bbox 43 1240 1111 1328; baseline 0.007 -24"><span class='ocrx_word' id='word_1_74' title='bbox 43 1241 250 1328; x_wconf 85' lang='lat' dir='ltr'><strong>temporibus</strong></span> <span class='ocrx_word' id='word_1_75' title='bbox 272 1241 330 1306; x_wconf 82' lang='lat' dir='ltr'><strong>init</strong></span> <span class='ocrx_word' id='word_1_76' title='bbox 348 1242 503 1320; x_wconf 79' lang='lat' dir='ltr'><strong>fortunae,</strong></span> <span class='ocrx_word' id='word_1_77' title='bbox 524 1253 560 1308; x_wconf 92' lang='lat' dir='ltr'><strong>ut</strong></span> <span class='ocrx_word' id='word_1_78' title='bbox 580 1241 679 1308; x_wconf 90' lang='lat' dir='ltr'><strong>modo</strong></span> <span class='ocrx_word' id='word_1_79' title='bbox 701 1240 742 1319; x_wconf 84' lang='lat' dir='ltr'><strong>hi,</strong></span> <span class='ocrx_word' id='word_1_80' title='bbox 763 1241 863 1308; x_wconf 91' lang='lat' dir='ltr'><strong>modo</strong></span> <span class='ocrx_word' id='word_1_81' title='bbox 879 1241 922 1308; x_wconf 90' lang='lat' dir='ltr'><strong>illi</strong></span> <span class='ocrx_word' id='word_1_82' title='bbox 938 1243 970 1308; x_wconf 93' lang='lat' dir='ltr'><strong>in</strong></span> <span class='ocrx_word' id='word_1_83' title='bbox 984 1263 1111 1310; x_wconf 90' lang='lat' dir='ltr'><strong>summo</strong></span> 
     </span>
     <span class='ocr_line' id='line_1_11' title="bbox 44 1340 1111 1431; baseline 0.002 -23"><span class='ocrx_word' id='word_1_84' title='bbox 44 1353 161 1408; x_wconf 86' lang='lat' dir='ltr'><strong>essent</strong></span> <span class='ocrx_word' id='word_1_85' title='bbox 188 1352 242 1408; x_wconf 89' lang='lat' dir='ltr'><strong>aut</strong></span> <span class='ocrx_word' id='word_1_86' title='bbox 266 1343 390 1430; x_wconf 81' lang='lat' dir='ltr'><strong>fastigio</strong></span> <span class='ocrx_word' id='word_1_87' title='bbox 419 1353 474 1408; x_wconf 88' lang='lat' dir='ltr'><strong>aut</strong></span> <span class='ocrx_word' id='word_1_88' title='bbox 497 1342 675 1431; x_wconf 68' lang='lat' dir='ltr'><strong>perierint:</strong></span> <span class='ocrx_word' id='word_1_89' title='bbox 702 1340 911 1429; x_wconf 87' lang='lat' dir='ltr'><strong>habebatque</strong></span> <span class='ocrx_word' id='word_1_90' title='bbox 939 1363 1052 1410; x_wconf 89' lang='lat' dir='ltr'><strong>secum</strong></span> <span class='ocrx_word' id='word_1_91' title='bbox 1074 1345 1111 1422; x_wconf 83' lang='lat' dir='ltr'><strong>Q.</strong></span> 
     </span>
     <span class='ocr_line' id='line_1_12' title="bbox 44 1443 1146 1532; baseline 0.005 -22"><span class='ocrx_word' id='word_1_92' title='bbox 44 1444 186 1510; x_wconf 85' lang='lat' dir='ltr'><strong>Gellium</strong></span> <span class='ocrx_word' id='word_1_93' title='bbox 209 1445 344 1523; x_wconf 89' lang='lat' dir='ltr'><strong>Canum,</strong></span> <span class='ocrx_word' id='word_1_94' title='bbox 365 1445 536 1532; x_wconf 88' lang='lat' dir='ltr'><strong>aequalem</strong></span> <span class='ocrx_word' id='word_1_95' title='bbox 558 1443 817 1531; x_wconf 89' lang='lat' dir='ltr'><strong>simillimumque</strong></span> <span class='ocrx_word' id='word_1_96' title='bbox 839 1444 896 1509; x_wconf 85' lang='lat' dir='ltr'><strong>sui</strong></span> <span class='ocrx_word' id='word_1_97' title='bbox 939 1444 1009 1511; x_wconf 89' lang='lat' dir='ltr'><strong>Hoc</strong></span> <span class='ocrx_word' id='word_1_98' title='bbox 1031 1463 1146 1531; x_wconf 81' lang='lat' dir='ltr'><strong>quo-3</strong></span> 
     </span>
     <span class='ocr_line' id='line_1_13' title="bbox 45 1543 1110 1635; baseline -0.003 -22"><span class='ocrx_word' id='word_1_99' title='bbox 45 1567 115 1635; x_wconf 88' lang='lat' dir='ltr'><strong>que</strong></span> <span class='ocrx_word' id='word_1_100' title='bbox 144 1547 186 1611; x_wconf 87' lang='lat' dir='ltr'><strong>sit</strong></span> <span class='ocrx_word' id='word_1_101' title='bbox 206 1545 297 1612; x_wconf 82' lang='lat' dir='ltr'><strong>Attici</strong></span> <span class='ocrx_word' id='word_1_102' title='bbox 324 1545 474 1612; x_wconf 82' lang='lat' dir='ltr'><strong>bonitatis</strong></span> <span class='ocrx_word' id='word_1_103' title='bbox 496 1543 694 1631; x_wconf 82' lang='lat' dir='ltr'><strong>exemplum,</strong></span> <span class='ocrx_word' id='word_1_104' title='bbox 721 1543 810 1632; x_wconf 90' lang='lat' dir='ltr'><strong>quod</strong></span> <span class='ocrx_word' id='word_1_105' title='bbox 833 1566 908 1612; x_wconf 91' lang='lat' dir='ltr'><strong>cum</strong></span> <span class='ocrx_word' id='word_1_106' title='bbox 930 1565 987 1623; x_wconf 87' lang='lat' dir='ltr'><strong>eo,</strong></span> <span class='ocrx_word' id='word_1_107' title='bbox 1012 1566 1110 1632; x_wconf 90' lang='lat' dir='ltr'><strong>quem</strong></span> 
     </span>
     <span class='ocr_line' id='line_1_14' title="bbox 44 1645 1111 1736; baseline -0.001 -23"><span class='ocrx_word' id='word_1_108' title='bbox 44 1669 188 1736; x_wconf 87' lang='lat' dir='ltr'><strong>puerum</strong></span> <span class='ocrx_word' id='word_1_109' title='bbox 214 1647 245 1713; x_wconf 89' lang='lat' dir='ltr'><strong>in</strong></span> <span class='ocrx_word' id='word_1_110' title='bbox 272 1646 350 1713; x_wconf 90' lang='lat' dir='ltr'><strong>ludo</strong></span> <span class='ocrx_word' id='word_1_111' title='bbox 378 1657 547 1734; x_wconf 82' lang='lat' dir='ltr'><strong>cognorat,</strong></span> <span class='ocrx_word' id='word_1_112' title='bbox 573 1645 658 1713; x_wconf 88' lang='lat' dir='ltr'><strong>adeo</strong></span> <span class='ocrx_word' id='word_1_113' title='bbox 687 1648 857 1734; x_wconf 89' lang='lat' dir='ltr'><strong>conjuncte</strong></span> <span class='ocrx_word' id='word_1_114' title='bbox 885 1647 976 1726; x_wconf 84' lang='lat' dir='ltr'><strong>vixit,</strong></span> <span class='ocrx_word' id='word_1_115' title='bbox 1004 1657 1040 1712; x_wconf 89' lang='lat' dir='ltr'><strong>ut</strong></span> <span class='ocrx_word' id='word_1_116' title='bbox 1068 1645 1111 1712; x_wconf 89' lang='lat' dir='ltr'><strong>ad</strong></span> 
     </span>
     <span class='ocr_line' id='line_1_15' title="bbox 46 1747 1146 1816; baseline -0.002 0"><span class='ocrx_word' id='word_1_117' title='bbox 46 1761 229 1816; x_wconf 86' lang='lat' dir='ltr'><strong>extremam</strong></span> <span class='ocrx_word' id='word_1_118' title='bbox 250 1760 391 1816; x_wconf 88' lang='lat' dir='ltr'><strong>aetatem</strong></span> <span class='ocrx_word' id='word_1_119' title='bbox 413 1747 551 1814; x_wconf 85' lang='lat' dir='ltr'><strong>amicitia</strong></span> <span class='ocrx_word' id='word_1_120' title='bbox 572 1767 685 1814; x_wconf 89' lang='lat' dir='ltr'><strong>eorum</strong></span> <span class='ocrx_word' id='word_1_121' title='bbox 707 1749 854 1816; x_wconf 87' lang='lat' dir='ltr'><strong>ereverit.</strong></span> <span class='ocrx_word' id='word_1_122' title='bbox 886 1749 1040 1816; x_wconf 79' lang='lat' dir='ltr'><strong>Antonius</strong></span> <span class='ocrx_word' id='word_1_123' title='bbox 1055 1759 1146 1815; x_wconf 74' lang='lat' dir='ltr'><strong>aut</strong></span> 
     </span>
     <span class='ocr_line' id='line_1_16' title="bbox 44 1849 1112 1928; baseline 0.001 -12"><span class='ocrx_word' id='word_1_124' title='bbox 44 1862 115 1918; x_wconf 85' lang='lat' dir='ltr'><strong>tem</strong></span> <span class='ocrx_word' id='word_1_125' title='bbox 143 1851 204 1916; x_wconf 89' lang='lat' dir='ltr'><strong>etsi</strong></span> <span class='ocrx_word' id='word_1_126' title='bbox 226 1861 314 1918; x_wconf 89' lang='lat' dir='ltr'><strong>tanto</strong></span> <span class='ocrx_word' id='word_1_127' title='bbox 336 1851 413 1918; x_wconf 90' lang='lat' dir='ltr'><strong>odio</strong></span> <span class='ocrx_word' id='word_1_128' title='bbox 439 1849 604 1916; x_wconf 83' lang='lat' dir='ltr'><strong>ferebatur</strong></span> <span class='ocrx_word' id='word_1_129' title='bbox 624 1849 656 1914; x_wconf 93' lang='lat' dir='ltr'><strong>in</strong></span> <span class='ocrx_word' id='word_1_130' title='bbox 679 1849 883 1928; x_wconf 88' lang='lat' dir='ltr'><strong>Ciceronem,</strong></span> <span class='ocrx_word' id='word_1_131' title='bbox 909 1861 944 1916; x_wconf 91' lang='lat' dir='ltr'><strong>ut</strong></span> <span class='ocrx_word' id='word_1_132' title='bbox 971 1870 1035 1917; x_wconf 90' lang='lat' dir='ltr'><strong>non</strong></span> <span class='ocrx_word' id='word_1_133' title='bbox 1057 1872 1112 1916; x_wconf 91' lang='lat' dir='ltr'><strong>so-</strong></span> 
     </span>
     <span class='ocr_line' id='line_1_17' title="bbox 44 1949 1111 2037; baseline 0.001 -19"><span class='ocrx_word' id='word_1_134' title='bbox 44 1954 115 2018; x_wconf 92' lang='lat' dir='ltr'><strong>lum</strong></span> <span class='ocrx_word' id='word_1_135' title='bbox 142 1956 192 2031; x_wconf 84' lang='lat' dir='ltr'><strong>ei,</strong></span> <span class='ocrx_word' id='word_1_136' title='bbox 224 1951 408 2020; x_wconf 89' lang='lat' dir='ltr'><strong>sedetiam</strong></span> <span class='ocrx_word' id='word_1_137' title='bbox 436 1949 585 2017; x_wconf 90' lang='lat' dir='ltr'><strong>omnibus</strong></span> <span class='ocrx_word' id='word_1_138' title='bbox 614 1951 685 2037; x_wconf 87' lang='lat' dir='ltr'><strong>ejus</strong></span> <span class='ocrx_word' id='word_1_139' title='bbox 710 1950 823 2018; x_wconf 89' lang='lat' dir='ltr'><strong>amicis</strong></span> <span class='ocrx_word' id='word_1_140' title='bbox 850 1961 940 2018; x_wconf 86' lang='lat' dir='ltr'><strong>esset</strong></span> <span class='ocrx_word' id='word_1_141' title='bbox 966 1952 1111 2020; x_wconf 88' lang='lat' dir='ltr'><strong>inimicus</strong></span> 
     </span>
     <span class='ocr_line' id='line_1_18' title="bbox 46 2050 1113 2142; baseline 0.002 -20"><span class='ocrx_word' id='word_1_142' title='bbox 46 2075 177 2142; x_wconf 90' lang='lat' dir='ltr'><strong>eosque</strong></span> <span class='ocrx_word' id='word_1_143' title='bbox 199 2053 297 2122; x_wconf 84' lang='lat' dir='ltr'><strong>veltet</strong></span> <span class='ocrx_word' id='word_1_144' title='bbox 318 2052 535 2142; x_wconf 85' lang='lat' dir='ltr'><strong>proscribere,</strong></span> <span class='ocrx_word' id='word_1_145' title='bbox 555 2050 661 2117; x_wconf 84' lang='lat' dir='ltr'><strong>multis</strong></span> <span class='ocrx_word' id='word_1_146' title='bbox 682 2050 880 2118; x_wconf 85' lang='lat' dir='ltr'><strong>hortantibus</strong></span> <span class='ocrx_word' id='word_1_147' title='bbox 901 2065 1009 2122; x_wconf 89' lang='lat' dir='ltr'><strong>tamen</strong></span> <span class='ocrx_word' id='word_1_148' title='bbox 1020 2055 1113 2124; x_wconf 80' lang='lat' dir='ltr'><strong>Attici</strong></span> 
     </span>
    </p>
   </div>
   <div class='ocr_carea' id='block_1_3' title="bbox 45 2243 1112 2360">
    <p class='ocr_par' dir='ltr' id='par_1_3' title="bbox 45 2243 1112 2360">
     <span class='ocr_line' id='line_1_19' title="bbox 45 2243 1112 2360; baseline -0.004 -16"><span class='ocrx_word' id='word_1_149' title='bbox 45 2290 137 2344; x_wconf 81' lang='lat' dir='ltr'><strong>Voss.</strong></span> <span class='ocrx_word' id='word_1_150' title='bbox 159 2289 197 2342; x_wconf 79' lang='lat' dir='ltr'><strong>A.</strong></span> <span class='ocrx_word' id='word_1_151' title='bbox 217 2287 254 2343; x_wconf 66' lang='grc' dir='ltr'><strong>Ο.</strong></span> <span class='ocrx_word' id='word_1_152' title='bbox 273 2291 329 2359; x_wconf 80' lang='lat' dir='ltr'><strong>ejus</strong></span> <span class='ocrx_word' id='word_1_153' title='bbox 346 2286 588 2359; x_wconf 65' lang='lat' dir='ltr'><strong>reprehendebam.</strong></span> <span class='ocrx_word' id='word_1_154' title='bbox 605 2317 640 2330; x_wconf 92' lang='lat'><em>—</em></span> <span class='ocrx_word' id='word_1_155' title='bbox 656 2287 734 2342; x_wconf 74' lang='lat' dir='ltr'><strong>Med.</strong></span> <span class='ocrx_word' id='word_1_156' title='bbox 753 2289 778 2344; x_wconf 83' lang='lat' dir='ltr'><strong>l·</strong></span> <span class='ocrx_word' id='word_1_157' title='bbox 797 2291 828 2344; x_wconf 74' lang='lat'><strong>2:</strong></span> <span class='ocrx_word' id='word_1_158' title='bbox 846 2243 902 2358; x_wconf 73' lang='lat' dir='ltr'><strong>ejus</strong></span> <span class='ocrx_word' id='word_1_159' title='bbox 917 2293 958 2340; x_wconf 80' lang='lat' dir='ltr'><strong>ret</strong></span> <span class='ocrx_word' id='word_1_160' title='bbox 972 2288 1112 2360; x_wconf 76' lang='lat' dir='ltr'><strong>repreben-</strong></span> 
     </span>
    </p>
   </div>
   <div class='ocr_carea' id='block_1_4' title="bbox 40 2371 1115 4198">
    <p class='ocr_par' dir='ltr' id='par_1_4' title="bbox 46 2371 1058 2524">
     <span class='ocr_line' id='line_1_20' title="bbox 46 2371 1058 2442; baseline -0.003 -14"><span class='ocrx_word' id='word_1_161' title='bbox 46 2373 169 2428; x_wconf 83' lang='lat' dir='ltr'><strong>debatur.</strong></span> <span class='ocrx_word' id='word_1_162' title='bbox 187 2402 221 2414; x_wconf 91' lang='lat'><em>-</em></span> <span class='ocrx_word' id='word_1_163' title='bbox 243 2372 298 2426; x_wconf 79' lang='lat' dir='ltr'><strong>Ed.</strong></span> <span class='ocrx_word' id='word_1_164' title='bbox 316 2389 344 2442; x_wconf 88' lang='lat' dir='ltr'><strong>p.</strong></span> <span class='ocrx_word' id='word_1_165' title='bbox 364 2389 387 2426; x_wconf 89' lang='lat' dir='ltr'><strong>s.</strong></span> <span class='ocrx_word' id='word_1_166' title='bbox 406 2388 433 2426; x_wconf 88' lang='lat' dir='ltr'><strong>a.</strong></span> <span class='ocrx_word' id='word_1_167' title='bbox 456 2372 550 2440; x_wconf 85' lang='lat' dir='ltr'><strong>antiq.</strong></span> <span class='ocrx_word' id='word_1_168' title='bbox 574 2371 653 2425; x_wconf 85' lang='lat' dir='ltr'><strong>Jeas.</strong></span> <span class='ocrx_word' id='word_1_169' title='bbox 677 2373 754 2430; x_wconf 68' lang='lat'><strong>1478.</strong></span> <span class='ocrx_word' id='word_1_170' title='bbox 774 2371 846 2426; x_wconf 81' lang='lat' dir='ltr'><strong>Par.</strong></span> <span class='ocrx_word' id='word_1_171' title='bbox 868 2374 925 2442; x_wconf 74' lang='lat' dir='ltr'><strong>ejus</strong></span> <span class='ocrx_word' id='word_1_172' title='bbox 945 2379 986 2426; x_wconf 83' lang='lat' dir='ltr'><strong>ret</strong></span> <span class='ocrx_word' id='word_1_173' title='bbox 1002 2389 1058 2427; x_wconf 86' lang='lat' dir='ltr'><strong>om.</strong></span> 
     </span>
     <span class='ocr_line' id='line_1_21' title="bbox 518 2455 646 2524; baseline -0.004 -15"><span class='ocrx_word' id='word_1_174' title='bbox 518 2456 588 2524; x_wconf 81' lang='lat' dir='ltr'><strong>Cap.</strong></span> <span class='ocrx_word' id='word_1_175' title='bbox 608 2455 646 2508; x_wconf 85' lang='lat' dir='ltr'><strong>X.</strong></span> 
     </span>
    </p>

    <p class='ocr_par' dir='ltr' id='par_1_5' title="bbox 40 2538 1115 3278">
     <span class='ocr_line' id='line_1_22' title="bbox 119 2538 1115 2612; baseline 0.001 -21"><span class='ocrx_word' id='word_1_176' title='bbox 119 2540 146 2608; x_wconf 65' lang='lat' dir='ltr'><strong>fi.</strong></span> <span class='ocrx_word' id='word_1_177' title='bbox 167 2543 189 2595; x_wconf 86' lang='lat'><strong>1.</strong></span> <span class='ocrx_word' id='word_1_178' title='bbox 226 2540 289 2610; x_wconf 75' lang='lat' dir='ltr'><strong>quid</strong></span> <span class='ocrx_word' id='word_1_179' title='bbox 303 2557 338 2593; x_wconf 76' lang='lat' dir='ltr'><strong>se.</strong></span> <span class='ocrx_word' id='word_1_180' title='bbox 356 2539 412 2594; x_wconf 86' lang='lat' dir='ltr'><strong>Ed.</strong></span> <span class='ocrx_word' id='word_1_181' title='bbox 430 2539 523 2608; x_wconf 87' lang='lat' dir='ltr'><strong>antiq.</strong></span> <span class='ocrx_word' id='word_1_182' title='bbox 541 2539 622 2592; x_wconf 73' lang='lat' dir='ltr'><strong>leus.</strong></span> <span class='ocrx_word' id='word_1_183' title='bbox 640 2541 715 2599; x_wconf 76' lang='lat' dir='ltr'><strong>lars.</strong></span> <span class='ocrx_word' id='word_1_184' title='bbox 734 2538 832 2598; x_wconf 59' lang='lat' dir='ltr'><strong>Brixa</strong></span> <span class='ocrx_word' id='word_1_185' title='bbox 854 2540 925 2610; x_wconf 80' lang='lat' dir='ltr'><strong>quod</strong></span> <span class='ocrx_word' id='word_1_186' title='bbox 938 2559 974 2594; x_wconf 78' lang='lat' dir='ltr'><strong>se.</strong></span> <span class='ocrx_word' id='word_1_187' title='bbox 995 2567 1031 2582; x_wconf 89' lang='lat'><strong>-·</strong></span> <span class='ocrx_word' id='word_1_188' title='bbox 1051 2538 1115 2612; x_wconf 74' lang='lat' dir='ltr'><strong>quid</strong></span> 
     </span>
     <span class='ocr_line' id='line_1_23' title="bbox 47 2619 1111 2696; baseline 0 -19"><span class='ocrx_word' id='word_1_189' title='bbox 47 2626 96 2678; x_wconf 78' lang='lat' dir='ltr'><strong>olii</strong></span> <span class='ocrx_word' id='word_1_190' title='bbox 119 2623 252 2676; x_wconf 69' lang='lat' dir='ltr'><strong>laudatos·</strong></span> <span class='ocrx_word' id='word_1_191' title='bbox 270 2619 375 2686; x_wconf 74' lang='lat' dir='ltr'><strong>serent.</strong></span> <span class='ocrx_word' id='word_1_192' title='bbox 412 2621 463 2676; x_wconf 81' lang='lat' dir='ltr'><strong>Sia</strong></span> <span class='ocrx_word' id='word_1_193' title='bbox 484 2622 537 2674; x_wconf 75' lang='lat' dir='ltr'><strong>Gn.</strong></span> <span class='ocrx_word' id='word_1_194' title='bbox 561 2622 616 2676; x_wconf 79' lang='lat' dir='ltr'><strong>Ed.</strong></span> <span class='ocrx_word' id='word_1_195' title='bbox 640 2627 772 2692; x_wconf 75' lang='lat' dir='ltr'><strong>p.-rttc.</strong></span> <span class='ocrx_word' id='word_1_196' title='bbox 797 2624 885 2678; x_wconf 83' lang='lat' dir='ltr'><strong>Corn.</strong></span> <span class='ocrx_word' id='word_1_197' title='bbox 911 2624 986 2696; x_wconf 78' lang='lat' dir='ltr'><strong>Arg.</strong></span> <span class='ocrx_word' id='word_1_198' title='bbox 1016 2623 1111 2696; x_wconf 73' lang='lat' dir='ltr'><strong>Loag.</strong></span> 
     </span>
     <span class='ocr_line' id='line_1_24' title="bbox 48 2699 1115 2778; baseline -0.002 -16"><span class='ocrx_word' id='word_1_199' title='bbox 48 2707 154 2762; x_wconf 74' lang='lat' dir='ltr'><strong>namn.</strong></span> <span class='ocrx_word' id='word_1_200' title='bbox 180 2735 212 2747; x_wconf 95' lang='lat'>-</span> <span class='ocrx_word' id='word_1_201' title='bbox 236 2707 290 2758; x_wconf 83' lang='lat' dir='ltr'><strong>Ed.</strong></span> <span class='ocrx_word' id='word_1_202' title='bbox 314 2724 344 2775; x_wconf 90' lang='lat' dir='ltr'><strong>p.</strong></span> <span class='ocrx_word' id='word_1_203' title='bbox 362 2723 390 2758; x_wconf 83' lang='lat' dir='ltr'><strong>s.</strong></span> <span class='ocrx_word' id='word_1_204' title='bbox 414 2722 440 2760; x_wconf 83' lang='lat' dir='ltr'><strong>a.</strong></span> <span class='ocrx_word' id='word_1_205' title='bbox 463 2699 924 2775; x_wconf 76' lang='lat' dir='ltr'><strong>antiq.Jons.1478.Brix.at.:</strong></span> <span class='ocrx_word' id='word_1_206' title='bbox 952 2709 1015 2778; x_wconf 79' lang='lat' dir='ltr'><strong>qetd</strong></span> <span class='ocrx_word' id='word_1_207' title='bbox 1037 2711 1115 2760; x_wconf 76' lang='lat' dir='ltr'><strong>altem·</strong></span> 
     </span>
     <span class='ocr_line' id='line_1_25' title="bbox 40 2789 1114 2861; baseline -0.001 -17"><span class='ocrx_word' id='word_1_208' title='bbox 40 2791 135 2861; x_wconf 84' lang='lat' dir='ltr'><strong>soret.</strong></span> <span class='ocrx_word' id='word_1_209' title='bbox 149 2809 192 2832; x_wconf 73' lang='lat'><strong>⁶-</strong></span> <span class='ocrx_word' id='word_1_210' title='bbox 219 2808 344 2842; x_wconf 82' lang='lat' dir='ltr'><strong>conversa</strong></span> <span class='ocrx_word' id='word_1_211' title='bbox 363 2789 456 2842; x_wconf 78' lang='lat' dir='ltr'><strong>subito.</strong></span> <span class='ocrx_word' id='word_1_212' title='bbox 490 2789 538 2842; x_wconf 90' lang='lat' dir='ltr'><strong>Sic</strong></span> <span class='ocrx_word' id='word_1_213' title='bbox 562 2789 615 2844; x_wconf 76' lang='lat' dir='ltr'><strong>Gn.</strong></span> <span class='ocrx_word' id='word_1_214' title='bbox 641 2790 697 2842; x_wconf 73' lang='lat' dir='ltr'><strong>Gis.</strong></span> <span class='ocrx_word' id='word_1_215' title='bbox 721 2791 854 2845; x_wconf 77' lang='lat' dir='ltr'><strong>Mendes.</strong></span> <span class='ocrx_word' id='word_1_216' title='bbox 877 2790 960 2845; x_wconf 75' lang='lat' dir='ltr'><strong>Laid.</strong></span> <span class='ocrx_word' id='word_1_217' title='bbox 976 2797 1003 2846; x_wconf 75' lang='lat'><strong>2.</strong></span> <span class='ocrx_word' id='word_1_218' title='bbox 1027 2793 1114 2844; x_wconf 82' lang='lat' dir='ltr'><strong>Voss.</strong></span> 
     </span>
     <span class='ocr_line' id='line_1_26' title="bbox 46 2873 1114 2942; baseline -0.006 -12"><span class='ocrx_word' id='word_1_219' title='bbox 46 2877 84 2930; x_wconf 80' lang='lat' dir='ltr'><strong>A.</strong></span> <span class='ocrx_word' id='word_1_220' title='bbox 107 2875 141 2929; x_wconf 81' lang='lat' dir='ltr'><strong>G.</strong></span> <span class='ocrx_word' id='word_1_221' title='bbox 160 2875 212 2927; x_wconf 80' lang='lat' dir='ltr'><strong>Ed.</strong></span> <span class='ocrx_word' id='word_1_222' title='bbox 237 2890 266 2942; x_wconf 94' lang='lat' dir='ltr'><strong>p.</strong></span> <span class='ocrx_word' id='word_1_223' title='bbox 285 2889 308 2926; x_wconf 83' lang='lat' dir='ltr'><strong>s.</strong></span> <span class='ocrx_word' id='word_1_224' title='bbox 327 2889 354 2926; x_wconf 85' lang='lat' dir='ltr'><strong>a.</strong></span> <span class='ocrx_word' id='word_1_225' title='bbox 373 2873 466 2941; x_wconf 82' lang='lat' dir='ltr'><strong>antiq.</strong></span> <span class='ocrx_word' id='word_1_226' title='bbox 487 2873 567 2926; x_wconf 85' lang='lat' dir='ltr'><strong>Jens.</strong></span> <span class='ocrx_word' id='word_1_227' title='bbox 588 2876 662 2930; x_wconf 77' lang='grc'>1478.</span> <span class='ocrx_word' id='word_1_228' title='bbox 687 2873 786 2928; x_wconf 77' lang='lat' dir='ltr'><strong>bamb.</strong></span> <span class='ocrx_word' id='word_1_229' title='bbox 810 2903 845 2916; x_wconf 89' lang='lat'>-</span> <span class='ocrx_word' id='word_1_230' title='bbox 865 2873 947 2926; x_wconf 81' lang='lat' dir='ltr'><strong>Laid.</strong></span> <span class='ocrx_word' id='word_1_231' title='bbox 961 2875 986 2928; x_wconf 92' lang='lat' dir='ltr'><strong>l.</strong></span> <span class='ocrx_word' id='word_1_232' title='bbox 1009 2873 1063 2926; x_wconf 78' lang='lat' dir='ltr'><strong>Ed.</strong></span> <span class='ocrx_word' id='word_1_233' title='bbox 1085 2889 1114 2941; x_wconf 87' lang='lat' dir='ltr'><strong>p.</strong></span> 
     </span>
     <span class='ocr_line' id='line_1_27' title="bbox 48 2955 1113 3029; baseline -0.008 -12"><span class='ocrx_word' id='word_1_234' title='bbox 48 2963 128 3016; x_wconf 73' lang='lat'><strong>1470.</strong></span> <span class='ocrx_word' id='word_1_235' title='bbox 147 2957 243 3029; x_wconf 79' lang='lat' dir='ltr'><strong>Long.</strong></span> <span class='ocrx_word' id='word_1_236' title='bbox 262 2957 301 3010; x_wconf 84' lang='lat' dir='ltr'><strong>al.</strong></span> <span class='ocrx_word' id='word_1_237' title='bbox 320 2956 403 3008; x_wconf 81' lang='lat' dir='ltr'><strong>subito</strong></span> <span class='ocrx_word' id='word_1_238' title='bbox 420 2973 476 3010; x_wconf 90' lang='lat' dir='ltr'><strong>om.</strong></span> <span class='ocrx_word' id='word_1_239' title='bbox 495 2988 530 3000; x_wconf 90' lang='lat'><strong>·-</strong></span> <span class='ocrx_word' id='word_1_240' title='bbox 539 2955 656 3024; x_wconf 71' lang='lat' dir='ltr'><strong>fortuna</strong></span> <span class='ocrx_word' id='word_1_241' title='bbox 673 2966 720 3012; x_wconf 81' lang='lat' dir='ltr'><strong>eet.</strong></span> <span class='ocrx_word' id='word_1_242' title='bbox 739 2957 796 3010; x_wconf 76' lang='lat' dir='ltr'><strong>Gir.</strong></span> <span class='ocrx_word' id='word_1_243' title='bbox 817 2965 857 3010; x_wconf 80' lang='lat' dir='ltr'><strong>eet</strong></span> <span class='ocrx_word' id='word_1_244' title='bbox 874 2973 930 3009; x_wconf 89' lang='lat' dir='ltr'><strong>om.</strong></span> <span class='ocrx_word' id='word_1_245' title='bbox 948 2985 983 2997; x_wconf 97' lang='lat'>-</span> <span class='ocrx_word' id='word_1_246' title='bbox 999 2962 1026 3007; x_wconf 75' lang='lat' dir='ltr'><strong>tn</strong></span> <span class='ocrx_word' id='word_1_247' title='bbox 1037 2963 1113 3026; x_wconf 80' lang='lat' dir='ltr'><strong>pert·</strong></span> 
     </span>
     <span class='ocr_line' id='line_1_28' title="bbox 47 3038 1112 3111; baseline -0.003 -16"><span class='ocrx_word' id='word_1_248' title='bbox 47 3044 117 3096; x_wconf 82' lang='lat' dir='ltr'><strong>culo.</strong></span> <span class='ocrx_word' id='word_1_249' title='bbox 148 3041 196 3094; x_wconf 85' lang='lat' dir='ltr'><strong>Sic</strong></span> <span class='ocrx_word' id='word_1_250' title='bbox 216 3041 269 3094; x_wconf 77' lang='lat' dir='ltr'><strong>Ga.</strong></span> <span class='ocrx_word' id='word_1_251' title='bbox 288 3040 369 3094; x_wconf 80' lang='lat' dir='ltr'><strong>Laid.</strong></span> <span class='ocrx_word' id='word_1_252' title='bbox 387 3049 413 3100; x_wconf 73' lang='lat' dir='ltr'><strong>a.</strong></span> <span class='ocrx_word' id='word_1_253' title='bbox 432 3041 520 3097; x_wconf 87' lang='lat' dir='ltr'><strong>Voss.</strong></span> <span class='ocrx_word' id='word_1_254' title='bbox 538 3043 574 3094; x_wconf 80' lang='lat' dir='ltr'><strong>A.</strong></span> <span class='ocrx_word' id='word_1_255' title='bbox 597 3047 692 3110; x_wconf 87' lang='lat' dir='ltr'><strong>utraq.</strong></span> <span class='ocrx_word' id='word_1_256' title='bbox 716 3057 759 3110; x_wconf 83' lang='lat' dir='ltr'><strong>pr.</strong></span> <span class='ocrx_word' id='word_1_257' title='bbox 782 3041 873 3096; x_wconf 83' lang='lat' dir='ltr'><strong>Cora.</strong></span> <span class='ocrx_word' id='word_1_258' title='bbox 894 3039 991 3111; x_wconf 72' lang='lat' dir='ltr'><strong>Long.</strong></span> <span class='ocrx_word' id='word_1_259' title='bbox 1010 3038 1112 3092; x_wconf 84' lang='lat' dir='ltr'><strong>Lamb.</strong></span> 
     </span>
     <span class='ocr_line' id='line_1_29' title="bbox 49 3123 1115 3180; baseline -0.003 -1"><span class='ocrx_word' id='word_1_260' title='bbox 49 3127 92 3180; x_wconf 88' lang='lat' dir='ltr'><strong>al.</strong></span> <span class='ocrx_word' id='word_1_261' title='bbox 111 3155 146 3166; x_wconf 91' lang='lat'>-</span> <span class='ocrx_word' id='word_1_262' title='bbox 163 3125 297 3178; x_wconf 82' lang='lat' dir='ltr'><strong>Mendes.</strong></span> <span class='ocrx_word' id='word_1_263' title='bbox 315 3123 401 3178; x_wconf 83' lang='lat' dir='ltr'><strong>Voss.</strong></span> <span class='ocrx_word' id='word_1_264' title='bbox 414 3124 447 3178; x_wconf 80' lang='lat' dir='ltr'><strong>C.</strong></span> <span class='ocrx_word' id='word_1_265' title='bbox 465 3131 491 3176; x_wconf 77' lang='lat' dir='ltr'><strong>io</strong></span> <span class='ocrx_word' id='word_1_266' title='bbox 508 3140 565 3179; x_wconf 85' lang='lat' dir='ltr'><strong>om.</strong></span> <span class='ocrx_word' id='word_1_267' title='bbox 587 3153 622 3167; x_wconf 91' lang='lat'><em>-</em></span> <span class='ocrx_word' id='word_1_268' title='bbox 643 3127 768 3177; x_wconf 73' lang='lat' dir='ltr'><strong>Atticum.</strong></span> <span class='ocrx_word' id='word_1_269' title='bbox 790 3124 839 3176; x_wconf 84' lang='lat' dir='ltr'><strong>Sic</strong></span> <span class='ocrx_word' id='word_1_270' title='bbox 855 3137 955 3178; x_wconf 88' lang='lat' dir='ltr'><strong>omues</strong></span> <span class='ocrx_word' id='word_1_271' title='bbox 974 3123 1064 3178; x_wconf 82' lang='lat' dir='ltr'><strong>Codd.</strong></span> <span class='ocrx_word' id='word_1_272' title='bbox 1084 3128 1115 3176; x_wconf 88' lang='lat' dir='ltr'><strong>et</strong></span> 
     </span>
     <span class='ocr_line' id='line_1_30' title="bbox 48 3205 852 3278; baseline -0.004 -14"><span class='ocrx_word' id='word_1_273' title='bbox 48 3209 127 3264; x_wconf 82' lang='lat' dir='ltr'><strong>Edd.</strong></span> <span class='ocrx_word' id='word_1_274' title='bbox 148 3214 216 3262; x_wconf 86' lang='lat' dir='ltr'><strong>ante</strong></span> <span class='ocrx_word' id='word_1_275' title='bbox 233 3207 344 3278; x_wconf 69' lang='lat' dir='ltr'><strong>Lamia,</strong></span> <span class='ocrx_word' id='word_1_276' title='bbox 363 3209 414 3277; x_wconf 94' lang='lat' dir='ltr'><strong>qui</strong></span> <span class='ocrx_word' id='word_1_277' title='bbox 431 3210 548 3260; x_wconf 73' lang='lat' dir='ltr'><strong>Atticum</strong></span> <span class='ocrx_word' id='word_1_278' title='bbox 556 3205 709 3274; x_wconf 79' lang='lat' dir='ltr'><strong>sutorum</strong></span> <span class='ocrx_word' id='word_1_279' title='bbox 726 3208 852 3276; x_wconf 81' lang='lat' dir='ltr'><strong>scripsit.</strong></span> 
     </span>
    </p>

    <p class='ocr_par' dir='ltr' id='par_1_6' title="bbox 45 3291 1113 3949">
     <span class='ocr_line' id='line_1_31' title="bbox 121 3291 1111 3364; baseline -0.003 -17"><span class='ocrx_word' id='word_1_280' title='bbox 121 3292 148 3360; x_wconf 70' lang='lat'><strong>§-</strong></span> <span class='ocrx_word' id='word_1_281' title='bbox 165 3295 192 3347; x_wconf 74' lang='grc'><strong>2.</strong></span> <span class='ocrx_word' id='word_1_282' title='bbox 215 3299 247 3344; x_wconf 75' lang='lat' dir='ltr'><strong>tis</strong></span> <span class='ocrx_word' id='word_1_283' title='bbox 265 3291 429 3364; x_wconf 71' lang='lat' dir='ltr'><strong>tenporibus.</strong></span> <span class='ocrx_word' id='word_1_284' title='bbox 453 3291 506 3346; x_wconf 73' lang='lat' dir='ltr'><strong>(iu.</strong></span> <span class='ocrx_word' id='word_1_285' title='bbox 525 3291 658 3346; x_wconf 81' lang='lat' dir='ltr'><strong>Mendes.</strong></span> <span class='ocrx_word' id='word_1_286' title='bbox 676 3291 729 3346; x_wconf 85' lang='lat' dir='ltr'><strong>Ed.</strong></span> <span class='ocrx_word' id='word_1_287' title='bbox 747 3308 775 3360; x_wconf 88' lang='lat' dir='ltr'><strong>p.</strong></span> <span class='ocrx_word' id='word_1_288' title='bbox 795 3295 872 3347; x_wconf 75' lang='lat'><strong>147⁰.</strong></span> <span class='ocrx_word' id='word_1_289' title='bbox 891 3292 983 3360; x_wconf 88' lang='lat' dir='ltr'><strong>antiq.</strong></span> <span class='ocrx_word' id='word_1_290' title='bbox 1000 3291 1111 3364; x_wconf 55' lang='lat' dir='ltr'><strong>Longe</strong></span> 
     </span>
     <span class='ocr_line' id='line_1_32' title="bbox 45 3374 1111 3446; baseline -0.002 -16"><span class='ocrx_word' id='word_1_291' title='bbox 45 3378 89 3430; x_wconf 74' lang='lat' dir='ltr'><strong>tn&#39;s</strong></span> <span class='ocrx_word' id='word_1_292' title='bbox 108 3374 273 3446; x_wconf 78' lang='lat' dir='ltr'><strong>temporibus.</strong></span> <span class='ocrx_word' id='word_1_293' title='bbox 290 3405 322 3416; x_wconf 91' lang='lat'><strong>-·</strong></span> <span class='ocrx_word' id='word_1_294' title='bbox 340 3377 416 3428; x_wconf 86' lang='lat' dir='ltr'><strong>modo</strong></span> <span class='ocrx_word' id='word_1_295' title='bbox 433 3377 468 3430; x_wconf 79' lang='lat' dir='ltr'><strong>tt.</strong></span> <span class='ocrx_word' id='word_1_296' title='bbox 487 3375 555 3428; x_wconf 78' lang='lat' dir='ltr'><strong>Gn:</strong></span> <span class='ocrx_word' id='word_1_297' title='bbox 572 3376 648 3428; x_wconf 82' lang='lat' dir='ltr'><strong>modo</strong></span> <span class='ocrx_word' id='word_1_298' title='bbox 665 3375 709 3428; x_wconf 75' lang='lat' dir='ltr'><strong>dit.</strong></span> <span class='ocrx_word' id='word_1_299' title='bbox 728 3405 760 3416; x_wconf 90' lang='lat'><strong>-·</strong></span> <span class='ocrx_word' id='word_1_300' title='bbox 779 3377 864 3430; x_wconf 86' lang='lat' dir='ltr'><strong>Voss.</strong></span> <span class='ocrx_word' id='word_1_301' title='bbox 882 3376 919 3430; x_wconf 76' lang='lat' dir='ltr'><strong>A.</strong></span> <span class='ocrx_word' id='word_1_302' title='bbox 937 3375 991 3428; x_wconf 84' lang='lat' dir='ltr'><strong>Ed.</strong></span> <span class='ocrx_word' id='word_1_303' title='bbox 1011 3377 1111 3429; x_wconf 79' lang='lat' dir='ltr'><strong>Rom:</strong></span> 
     </span>
     <span class='ocr_line' id='line_1_33' title="bbox 45 3458 1112 3531; baseline -0.001 -19"><span class='ocrx_word' id='word_1_304' title='bbox 45 3461 120 3513; x_wconf 79' lang='lat' dir='ltr'><strong>modi</strong></span> <span class='ocrx_word' id='word_1_305' title='bbox 137 3466 210 3510; x_wconf 82' lang='lat' dir='ltr'><strong>ii.-</strong></span> <span class='ocrx_word' id='word_1_306' title='bbox 226 3459 395 3530; x_wconf 72' lang='lat' dir='ltr'><strong>habebatque.</strong></span> <span class='ocrx_word' id='word_1_307' title='bbox 412 3460 465 3512; x_wconf 76' lang='lat' dir='ltr'><strong>Ed.</strong></span> <span class='ocrx_word' id='word_1_308' title='bbox 484 3459 565 3514; x_wconf 80' lang='lat' dir='ltr'><strong>Brix.</strong></span> <span class='ocrx_word' id='word_1_309' title='bbox 584 3458 676 3513; x_wconf 75' lang='lat' dir='ltr'><strong>Geth.</strong></span> <span class='ocrx_word' id='word_1_310' title='bbox 695 3459 804 3512; x_wconf 80' lang='lat' dir='ltr'><strong>Keucb.</strong></span> <span class='ocrx_word' id='word_1_311' title='bbox 823 3479 872 3531; x_wconf 83' lang='lat' dir='ltr'><strong>que</strong></span> <span class='ocrx_word' id='word_1_312' title='bbox 889 3475 946 3514; x_wconf 85' lang='lat' dir='ltr'><strong>om.</strong></span> <span class='ocrx_word' id='word_1_313' title='bbox 958 3489 992 3502; x_wconf 89' lang='grc'><strong>--</strong></span> <span class='ocrx_word' id='word_1_314' title='bbox 1012 3463 1045 3521; x_wconf 77' lang='lat' dir='ltr'><strong>Q.</strong></span> <span class='ocrx_word' id='word_1_315' title='bbox 1063 3461 1112 3512; x_wconf 78' lang='lat' dir='ltr'><strong>sie</strong></span> 
     </span>
     <span class='ocr_line' id='line_1_34' title="bbox 47 3541 1112 3612; baseline -0.005 -14"><span class='ocrx_word' id='word_1_316' title='bbox 47 3545 104 3598; x_wconf 83' lang='lat' dir='ltr'><strong>Gn.</strong></span> <span class='ocrx_word' id='word_1_317' title='bbox 124 3542 212 3597; x_wconf 86' lang='lat' dir='ltr'><strong>Voss.</strong></span> <span class='ocrx_word' id='word_1_318' title='bbox 233 3543 265 3598; x_wconf 79' lang='lat' dir='ltr'><strong>G.</strong></span> <span class='ocrx_word' id='word_1_319' title='bbox 283 3572 319 3587; x_wconf 83' lang='lat'>—</span> <span class='ocrx_word' id='word_1_320' title='bbox 334 3544 482 3598; x_wconf 81' lang='lat' dir='ltr'><strong>Mendes:</strong></span> <span class='ocrx_word' id='word_1_321' title='bbox 504 3546 645 3604; x_wconf 66' lang='lat' dir='ltr'><strong>emacem</strong></span> <span class='ocrx_word' id='word_1_322' title='bbox 661 3573 694 3584; x_wconf 90' lang='lat'><em>-</em></span> <span class='ocrx_word' id='word_1_323' title='bbox 713 3542 770 3596; x_wconf 78' lang='lat' dir='ltr'><strong>Gis.</strong></span> <span class='ocrx_word' id='word_1_324' title='bbox 789 3543 884 3612; x_wconf 74' lang='lat' dir='ltr'><strong>(Laid.</strong></span> <span class='ocrx_word' id='word_1_325' title='bbox 897 3549 924 3600; x_wconf 81' lang='lat'><strong>2.</strong></span> <span class='ocrx_word' id='word_1_326' title='bbox 941 3545 1027 3598; x_wconf 82' lang='lat' dir='ltr'><strong>Voss.</strong></span> <span class='ocrx_word' id='word_1_327' title='bbox 1039 3541 1112 3610; x_wconf 60' lang='lat' dir='ltr'><strong>Ad)</strong></span> 
     </span>
     <span class='ocr_line' id='line_1_35' title="bbox 45 3625 1111 3698; baseline -0.006 -16"><span class='ocrx_word' id='word_1_328' title='bbox 45 3643 231 3698; x_wconf 83' lang='lat' dir='ltr'><strong>praenomen</strong></span> <span class='ocrx_word' id='word_1_329' title='bbox 249 3642 304 3681; x_wconf 87' lang='lat' dir='ltr'><strong>om.</strong></span> <span class='ocrx_word' id='word_1_330' title='bbox 327 3653 361 3669; x_wconf 85' lang='lat'>-</span> <span class='ocrx_word' id='word_1_331' title='bbox 386 3627 505 3680; x_wconf 74' lang='lat' dir='ltr'><strong>Gellium.</strong></span> <span class='ocrx_word' id='word_1_332' title='bbox 532 3625 591 3688; x_wconf 52' lang='lat' dir='ltr'><strong>ste,</strong></span> <span class='ocrx_word' id='word_1_333' title='bbox 606 3625 659 3678; x_wconf 81' lang='lat' dir='ltr'><strong>Gn.</strong></span> <span class='ocrx_word' id='word_1_334' title='bbox 680 3625 736 3678; x_wconf 77' lang='lat' dir='ltr'><strong>Gis.</strong></span> <span class='ocrx_word' id='word_1_335' title='bbox 756 3627 888 3682; x_wconf 81' lang='lat' dir='ltr'><strong>Mendes.</strong></span> <span class='ocrx_word' id='word_1_336' title='bbox 911 3657 945 3670; x_wconf 94' lang='lat'>-</span> <span class='ocrx_word' id='word_1_337' title='bbox 968 3629 1054 3680; x_wconf 86' lang='lat' dir='ltr'><strong>Voss.</strong></span> <span class='ocrx_word' id='word_1_338' title='bbox 1074 3625 1111 3677; x_wconf 76' lang='lat' dir='ltr'><strong>C:</strong></span> 
     </span>
     <span class='ocr_line' id='line_1_36' title="bbox 47 3709 1113 3780; baseline -0.005 -16"><span class='ocrx_word' id='word_1_339' title='bbox 47 3713 169 3764; x_wconf 81' lang='lat' dir='ltr'><strong>Sellium.</strong></span> <span class='ocrx_word' id='word_1_340' title='bbox 189 3739 220 3750; x_wconf 91' lang='grc'>-</span> <span class='ocrx_word' id='word_1_341' title='bbox 240 3710 321 3765; x_wconf 76' lang='lat' dir='ltr'><strong>Laid.</strong></span> <span class='ocrx_word' id='word_1_342' title='bbox 340 3715 366 3766; x_wconf 75' lang='lat'><strong>2.</strong></span> <span class='ocrx_word' id='word_1_343' title='bbox 384 3711 469 3764; x_wconf 78' lang='lat' dir='ltr'><strong>Voss.</strong></span> <span class='ocrx_word' id='word_1_344' title='bbox 489 3711 528 3762; x_wconf 80' lang='lat' dir='ltr'><strong>A:</strong></span> <span class='ocrx_word' id='word_1_345' title='bbox 549 3709 649 3760; x_wconf 75' lang='lat' dir='ltr'><strong>Geton.</strong></span> <span class='ocrx_word' id='word_1_346' title='bbox 671 3738 707 3752; x_wconf 92' lang='lat'><em>-</em></span> <span class='ocrx_word' id='word_1_347' title='bbox 727 3711 781 3764; x_wconf 83' lang='lat' dir='ltr'><strong>Ed.</strong></span> <span class='ocrx_word' id='word_1_348' title='bbox 799 3729 828 3780; x_wconf 87' lang='lat' dir='ltr'><strong>p.</strong></span> <span class='ocrx_word' id='word_1_349' title='bbox 848 3715 927 3767; x_wconf 76' lang='lat'>147⁰:</span> <span class='ocrx_word' id='word_1_350' title='bbox 952 3711 1060 3761; x_wconf 70' lang='lat' dir='ltr'><strong>astron.</strong></span> <span class='ocrx_word' id='word_1_351' title='bbox 1077 3733 1113 3748; x_wconf 84' lang='lat'><strong>-</strong></span> 
     </span>
     <span class='ocr_line' id='line_1_37' title="bbox 48 3791 1111 3860; baseline -0.005 -13"><span class='ocrx_word' id='word_1_352' title='bbox 48 3798 159 3848; x_wconf 75' lang='lat' dir='ltr'><strong>camon.</strong></span> <span class='ocrx_word' id='word_1_353' title='bbox 178 3794 227 3846; x_wconf 87' lang='lat' dir='ltr'><strong>Sic</strong></span> <span class='ocrx_word' id='word_1_354' title='bbox 246 3794 300 3846; x_wconf 84' lang='lat' dir='ltr'><strong>Gn.</strong></span> <span class='ocrx_word' id='word_1_355' title='bbox 320 3792 375 3848; x_wconf 78' lang='lat' dir='ltr'><strong>Gis.</strong></span> <span class='ocrx_word' id='word_1_356' title='bbox 393 3792 526 3846; x_wconf 82' lang='lat' dir='ltr'><strong>Mendes.</strong></span> <span class='ocrx_word' id='word_1_357' title='bbox 544 3791 597 3844; x_wconf 81' lang='lat' dir='ltr'><strong>Ed.</strong></span> <span class='ocrx_word' id='word_1_358' title='bbox 614 3808 642 3860; x_wconf 88' lang='lat' dir='ltr'><strong>p.</strong></span> <span class='ocrx_word' id='word_1_359' title='bbox 662 3795 738 3848; x_wconf 77' lang='lat'><strong>1470.</strong></span> <span class='ocrx_word' id='word_1_360' title='bbox 755 3819 790 3834; x_wconf 86' lang='lat'><strong>·—</strong></span> <span class='ocrx_word' id='word_1_361' title='bbox 807 3794 923 3848; x_wconf 61' lang='lat' dir='ltr'><strong>Leiria.</strong></span> <span class='ocrx_word' id='word_1_362' title='bbox 941 3791 1111 3846; x_wconf 79' lang='lat' dir='ltr'><strong>Voss.A.C.</strong></span> 
     </span>
     <span class='ocr_line' id='line_1_38' title="bbox 47 3873 847 3949; baseline -0.004 -18"><span class='ocrx_word' id='word_1_363' title='bbox 47 3879 103 3931; x_wconf 84' lang='lat' dir='ltr'><strong>Ed.</strong></span> <span class='ocrx_word' id='word_1_364' title='bbox 123 3876 219 3949; x_wconf 75' lang='lat' dir='ltr'><strong>Long.</strong></span> <span class='ocrx_word' id='word_1_365' title='bbox 239 3873 711 3932; x_wconf 82' lang='lat' dir='ltr'><strong>Corn.1.amb.Sehott.Boeel.:</strong></span> <span class='ocrx_word' id='word_1_366' title='bbox 732 3879 847 3929; x_wconf 73' lang='lat' dir='ltr'><strong>Cautum.</strong></span> 
     </span>
    </p>

    <p class='ocr_par' dir='ltr' id='par_1_7' title="bbox 47 3959 1109 4118">
     <span class='ocr_line' id='line_1_39' title="bbox 119 3959 1109 4032; baseline 0 -20"><span class='ocrx_word' id='word_1_367' title='bbox 119 3961 146 4029; x_wconf 70' lang='grc' dir='ltr'><strong>ξ.</strong></span> <span class='ocrx_word' id='word_1_368' title='bbox 170 3963 197 4016; x_wconf 84' lang='grc'><strong>3.</strong></span> <span class='ocrx_word' id='word_1_369' title='bbox 227 3979 346 4031; x_wconf 80' lang='lat' dir='ltr'><strong>puermn.</strong></span> <span class='ocrx_word' id='word_1_370' title='bbox 380 3959 466 4012; x_wconf 82' lang='lat' dir='ltr'><strong>Voss.</strong></span> <span class='ocrx_word' id='word_1_371' title='bbox 486 3959 524 4013; x_wconf 81' lang='lat' dir='ltr'><strong>C:</strong></span> <span class='ocrx_word' id='word_1_372' title='bbox 543 3977 620 4029; x_wconf 80' lang='lat' dir='ltr'><strong>puer.</strong></span> <span class='ocrx_word' id='word_1_373' title='bbox 642 3989 676 4000; x_wconf 89' lang='lat'>-</span> <span class='ocrx_word' id='word_1_374' title='bbox 698 3969 833 4032; x_wconf 74' lang='lat' dir='ltr'><strong>cognorat.</strong></span> <span class='ocrx_word' id='word_1_375' title='bbox 862 3960 911 4014; x_wconf 84' lang='lat' dir='ltr'><strong>Sic</strong></span> <span class='ocrx_word' id='word_1_376' title='bbox 930 3959 983 4014; x_wconf 79' lang='lat' dir='ltr'><strong>Gn.</strong></span> <span class='ocrx_word' id='word_1_377' title='bbox 1008 3959 1062 4013; x_wconf 80' lang='lat' dir='ltr'><strong>Ed.</strong></span> <span class='ocrx_word' id='word_1_378' title='bbox 1081 3975 1109 4028; x_wconf 87' lang='lat' dir='ltr'><strong>p.</strong></span> 
     </span>
     <span class='ocr_line' id='line_1_40' title="bbox 47 4041 621 4118; baseline -0.005 -20"><span class='ocrx_word' id='word_1_379' title='bbox 47 4044 129 4103; x_wconf 78' lang='grc'>1470.</span> <span class='ocrx_word' id='word_1_380' title='bbox 151 4043 249 4118; x_wconf 77' lang='lat' dir='ltr'><strong>Leug.</strong></span> <span class='ocrx_word' id='word_1_381' title='bbox 267 4071 301 4086; x_wconf 81' lang='lat'>-</span> <span class='ocrx_word' id='word_1_382' title='bbox 319 4041 433 4114; x_wconf 78' lang='lat' dir='ltr'><strong>Vulgo:</strong></span> <span class='ocrx_word' id='word_1_383' title='bbox 454 4051 621 4115; x_wconf 75' lang='lat' dir='ltr'><strong>cognouerat.</strong></span> 
     </span>
    </p>

    <p class='ocr_par' dir='ltr' id='par_1_8' title="bbox 119 4126 1112 4198">
     <span class='ocr_line' id='line_1_41' title="bbox 119 4126 1112 4198; baseline 0 -16"><span class='ocrx_word' id='word_1_384' title='bbox 119 4128 148 4198; x_wconf 63' lang='grc' dir='ltr'><strong>ὅ.</strong></span> <span class='ocrx_word' id='word_1_385' title='bbox 165 4134 192 4186; x_wconf 85' lang='grc'><strong>4.</strong></span> <span class='ocrx_word' id='word_1_386' title='bbox 229 4147 279 4182; x_wconf 81' lang='lat' dir='ltr'><strong>nou</strong></span> <span class='ocrx_word' id='word_1_387' title='bbox 296 4128 377 4180; x_wconf 76' lang='lat' dir='ltr'><strong>solam</strong></span> <span class='ocrx_word' id='word_1_388' title='bbox 393 4132 426 4180; x_wconf 83' lang='lat' dir='ltr'><strong>et.</strong></span> <span class='ocrx_word' id='word_1_389' title='bbox 459 4126 546 4183; x_wconf 84' lang='lat' dir='ltr'><strong>Voss.</strong></span> <span class='ocrx_word' id='word_1_390' title='bbox 564 4126 602 4183; x_wconf 80' lang='lat' dir='ltr'><strong>C:</strong></span> <span class='ocrx_word' id='word_1_391' title='bbox 619 4145 669 4179; x_wconf 80' lang='lat' dir='ltr'><strong>nos</strong></span> <span class='ocrx_word' id='word_1_392' title='bbox 686 4128 767 4181; x_wconf 78' lang='lat' dir='ltr'><strong>solon</strong></span> <span class='ocrx_word' id='word_1_393' title='bbox 784 4131 828 4182; x_wconf 80' lang='lat' dir='ltr'><strong>ets.</strong></span> <span class='ocrx_word' id='word_1_394' title='bbox 847 4155 883 4172; x_wconf 85' lang='lat'><strong>-·</strong></span> <span class='ocrx_word' id='word_1_395' title='bbox 903 4134 982 4183; x_wconf 81' lang='lat' dir='ltr'><strong>ettam</strong></span> <span class='ocrx_word' id='word_1_396' title='bbox 998 4128 1112 4182; x_wconf 75' lang='lat' dir='ltr'><strong>omibus</strong></span> 
     </span>
    </p>
   </div>
   <div class='ocr_carea' id='block_1_5' title="bbox 0 0 1412 4682">
    <p class='ocr_par' dir='ltr' id='par_1_9' title="bbox 0 0 1412 4682">
     <span class='ocr_line' id='line_1_42' title="bbox 0 0 1412 4682; baseline 0 0"><span class='ocrx_word' id='word_1_397' title='bbox 0 0 1412 4682; x_wconf 95' lang='lat' dir='ltr'><strong> </strong></span> 
     </span>
    </p>
   </div>
  </div>
 </body>
</html>
