2816 4682
336 271 440 331 XXV.
480 271 517 332 Τ.
535 272 729 352 Pomponius
749 274 882 334 Atticus.
935 229 937 234 v
1084 277 1143 340 24³

75 417 271 502 offenderet,
299 419 479 491 dissociatis
507 425 619 492 animis
650 425 783 504 civium,
809 446 884 493 cum
910 426 963 494 alii
994 427 1140 511 Sullanis,

75 523 130 588 alii
158 521 304 590 Cinnanis
336 524 482 592 lavarent
513 523 679 613 partibus,
709 524 863 594 idoneum
893 539 1021 618 tempus
1053 543 1140 600 ratus

74 623 191 690 studiis
217 624 423 712 obsequendi
451 625 518 690 suis
546 622 686 694 Athenas
713 646 751 692 so
780 626 918 694 contulit.
960 633 1074 720 Neque
1097 655 1138 701 eo
1163 640 1230 731 *⁶¹⁵³*

74 726 187 792 secius
208 723 452 792 adolescentem
471 720 605 792 Marium
625 725 753 794 hostem
770 728 949 816 judicatum
966 731 1048 817 juvit
1069 735 1139 818 opi·
1155 703 1174 730 ε’
1219 707 1237 731 ⁴'

72 827 140 894 bus
168 827 251 906 suis,
285 829 377 916 cujus
408 827 515 916 lugam
541 827 680 914 pecunia
706 828 895 898 sublevavit.
942 831 988 896 Ae
1016 851 1058 896 ne
1086 832 1173 899 illa3

71 928 294 1017 peregrinatio
322 929 549 996 detrimentum
579 927 710 1017 aliquod
744 928 875 998 allerret
907 929 955 997 rei
988 929 1140 1010 familiari,

74 1029 198 1098 eodem
219 1051 368 1118 magnam
389 1041 515 1118 partem
536 1030 733 1097 fortunarum
753 1033 880 1120 traJ‘eoit
900 1051 1038 1099 suarum
1080 1032 1139 1098 Hio

73 1133 119 1198 ita
142 1131 231 1210 vixit,
258 1143 292 1198 ut
312 1133 470 1200 universis
492 1131 740 1200 Atheniensibus
762 1131 876 1200 merito
900 1143 989 1200 esset
1012 1133 1140 1200 carissi·

73 1253 156 1299 mus,
199 1233 278 1298 Nam
300 1243 432 1322 praeter
452 1232 604 1322 gratiam,
631 1253 716 1321 quae
739 1235 807 1322 jam
834 1235 865 1300 in
895 1233 1173 1302 adolescentulot

74 1353 194 1422 magna
216 1343 298 1412 erat,
325 1353 426 1422 saepe
449 1333 516 1400 suis
539 1331 656 1421 opibus
677 1334 818 1421 inopiam
842 1355 954 1400 eorum
977 1335 1139 1422 publicam

74 1436 202 1504 levavit.
246 1435 325 1502 Cum
347 1436 432 1502 enirn
452 1455 619 1503 versuram
640 1433 749 1502 lacere
771 1433 906 1523 publice
925 1455 1064 1502 neeesse
1088 1457 1140 1502 es-

75 1549 130 1604 set
155 1558 264 1626 neque
294 1538 364 1626 ejus
392 1535 609 1604 conditionem
637 1556 776 1624 aequam
804 1535 976 1614 haberent,
1007 1555 1140 1622 semper

75 1661 114 1708 se
143 1639 333 1728 interposuit
353 1649 450 1728 atque
473 1638 531 1717 ita,
561 1648 596 1704 ut
623 1659 733 1728 neque
761 1659 893 1705 usuram
924 1654 1066 1725 unquam
1096 1635 1139 1702 ab

75 1741 115 1807 iis
138 1742 303 1828 acceperit
329 1761 438 1830 neque
465 1740 591 1828 longius
608 1734 717 1829 'quam
745 1739 865 1806 dietum
888 1747 977 1805 esset
999 1757 1057 1805 eos
1080 1736 1140 1804 de-

75 1842 159 1910 bere
181 1861 296 1931 passus
319 1843 366 1909 sit.
405 1841 501 1920 Quod
523 1852 695 1930 utromque
718 1855 788 1908 erat
809 1842 847 1907 iis
873 1839 1021 1906 salutare.
1057 1840 1172 1904 Nemo

76 1965 188 2033 neque
214 1943 412 2032 indulgendo
438 1943 679 2012 inveterascere
702 1963 815 2010 eorum
837 1960 894 2009 aes
922 1941 1059 2008 alienum
1081 1959 1139 2028 pa-

75 2047 216 2114 tiebatur
236 2067 346 2135 neque
369 2045 616 2133 multiplicandis
638 2046 744 2112 usuris
762 2065 924 2112 creseere.
961 2042 1055 2108 Auxit
1074 2040 1173 2108 hoett

78 2145 219 2216 oifioium
250 2147 313 2216 alia
343 2168 476 2237 quoque
505 2147 704 2216 liberalitate.
759 2147 841 2214 Nam
873 2145 1041 2212 universos
1074 2142 1139 2210 iru-

79 2385 141 2420 rum.
159 2393 193 2407 -
215 2385 270 2417 com
288 2367 342 2418 alti.
373 2365 422 2418 Sic
444 2364 570 2420 saud.
589 2383 619 2435 p.
638 2369 712 2422 1470.
736 2363 831 2435 Loug.
856 2391 891 2406 -
914 2359 969 2414 Ed.
993 2373 1038 2428 pr.
1061 2374 1084 2411 s.
1110 2371 1137 2410 a.

78 2452 159 2504 Jens.
179 2453 259 2505 1478:
277 2467 384 2521 quoram
402 2451 456 2502 alii.
472 2479 506 2490 -
524 2451 648 2502 Sullanis.
671 2447 720 2500 Sic
739 2448 791 2499 Gn.
812 2446 864 2499 Ed.
882 2459 927 2513 pr.
946 2447 1022 2498 1470.
1040 2440 1137 2512 Long.

78 2565 113 2578 -
131 2534 208 2588 Med.
227 2533 281 2587 Ed.
299 2548 343 2602 pr.
363 2549 385 2586 s.
405 2550 447 2587 a.:
467 2533 584 2584 Stllantr.
600 2564 635 2575 -
658 2532 711 2586 Ed.
730 2531 828 2584 Lumb.
847 2529 957 2582 Sohott.
977 2525 1030 2579 al.:
1050 2525 1139 2594 Sylla-

78 2625 127 2671 nis.
149 2647 185 2658 -
201 2620 273 2687 juvit
293 2617 382 2686 opibus
404 2623 465 2668 auis.
493 2615 640 2668 utendos:
665 2613 755 2684 opibus
769 2617 841 2683 javrt
856 2618 917 2663 suis.
939 2640 972 2652 ·-
995 2609 1081 2662 Voss.
1100 2605 1140 2658 C:

73 2704 145 2772 jonii
167 2699 286 2772 operibus
309 2705 362 2751 suis
385 2699 515 2752 Athenas.
537 2727 572 2739 -
594 2703 706 2768 perarata
727 2697 875 2748 sublevavit.
902 2694 979 2746 iliad.
999 2695 1028 2746 l:
1052 2689 1142 2760 opibus

78 2786 227 2838 sublavaret
237 2814 270 2823 -
282 2783 414 2836 Montius.
432 2783 518 2835 Voss.
530 2783 565 2834 A.
578 2781 611 2834 C.
629 2781 683 2832 Ed.
702 2797 745 2847 pr.
764 2797 788 2834 s.
807 2795 848 2830 m:
861 2783 979 2846 pecuniis
995 2773 1142 2826 sublevavit.

148 2868 175 2937 β.
193 2871 220 2924 3.
255 2867 299 2918 Ae
315 2886 357 2920 ne.
392 2861 514 2920 Sio'Gu.
533 2869 563 2917 ot
580 2880 680 2916 omues
698 2869 766 2916 ante
786 2863 864 2930 Bos,
885 2861 915 2911 in
933 2857 1013 2928 cujus
1031 2857 1076 2910 orl.
1096 2871 1141 2906 er·

78 2969 147 3008 rore
167 2951 279 3020 typoth.
298 2952 339 3002 At
355 2969 387 3002 ue
404 2950 542 3018 seriptum
564 2951 616 3000 est.
636 2977 669 2987 -
692 2945 813 3014 offerret.
833 2943 917 2996 Voss.
937 2941 975 2994 G:
987 2937 1089 3007 smel.
1107 2965 1141 2976 -

77 3044 120 3088 rei
129 3032 276 3104 familiari.
293 3033 370 3086 Med.
384 3037 413 3088 l:
430 3040 471 3085 rei
481 3029 641 3100 familiaris.
658 3059 691 3070 -
712 3030 766 3080 ltro
783 3034 828 3078 itu.
846 3025 964 3078 MeM:
984 3026 1029 3074 Sic
1046 3027 1142 3089 itaque.

150 3118 176 3187 ἕ.
196 3121 222 3172 d.
251 3125 371 3190 praeter.
394 3117 481 3170 Voss.
501 3116 539 3169 C:
553 3123 676 3185 propter.
693 3138 727 3151 -
744 3129 831 3180 saepe.
851 3109 900 3160 Sic
920 3107 973 3158 (iu.
994 3111 1023 3158 ot
1041 3117 1141 3156 omnes

80 3207 151 3257 ante
169 3199 238 3255 Bos.
257 3229 292 3242 -
308 3201 384 3254 Mod.
404 3204 432 3255 1:
450 3205 560 3269 saeptus.
577 3225 612 3236 -
629 3213 769 3247 versuram.
787 3194 836 3246 Sic
849 3191 902 3244 (iu.
923 3189 980 3242 uit.
993 3189 1060 3241 Sar.
1075 3187 1140 3238 rut.

78 3317 115 3330 -
131 3286 213 3339 Laid.
234 3289 257 3339 l.
276 3284 409 3338 Mendos.
427 3283 513 3336 Voss.
525 3283 560 3334 A.
573 3281 606 3334 G.
625 3285 655 3332 et
672 3277 745 3333 Edd.
765 3281 833 3330 ante
850 3273 966 3328 Lamlr.:
984 3290 1096 3324 usuram.
1110 3297 1142 3309 -

80 3372 135 3425 Ed.
162 3385 206 3438 pr.
230 3385 252 3421 s.
277 3383 305 3421 a.
327 3367 407 3420 Jens.
427 3369 507 3422 1478:
529 3370 648 3438 quantam
670 3365 736 3413 enim
757 3378 869 3412 osorum.
893 3389 927 3398 -
950 3375 1064 3428 aeqrrom.
1093 3353 1142 3405 Sic

80 3455 136 3508 Gn.
156 3481 190 3492 -
207 3451 339 3506 Mendes.
363 3450 440 3504 Med.
458 3455 483 3505 2.
507 3449 594 3502 Voss.
612 3448 648 3500 A.
669 3445 702 3500 (l.
727 3443 781 3498 Ed.
808 3459 851 3511 pr.
870 3445 965 3510 utroq.
985 3437 1066 3491 Brix.
1084 3435 1141 3489 al.:

79 3556 171 3608 oeque.
190 3565 222 3576 -
240 3535 321 3588 Loid.
335 3537 366 3588 Ἅι
386 3551 465 3602 aeque
483 3541 550 3584 onte.
567 3562 601 3573 -
624 3537 700 3601 atque
717 3533 764 3580 ila.
782 3526 830 3578 Sic
849 3525 902 3577 flu.
925 3555 960 3567 ·-
984 3522 1037 3576 Ed.
1056 3529 1142 3589 plns.

79 3637 107 3675 a.
127 3617 211 3672 Brix.
230 3619 268 3672 al.
288 3625 365 3688 atque
382 3629 438 3669 om.
461 3643 496 3654 -
517 3633 634 3685 usqam.
659 3611 792 3666 illandus.
810 3609 887 3664 liiod.
906 3607 1005 3664 ΗΜ.
1025 3621 1054 3672 p.
1073 3619 1094 3654 s.
1115 3615 1142 3653 n.

78 3703 164 3756 Brix.
183 3702 222 3756 al.
240 3719 297 3755 om.
321 3731 356 3742 -
381 3697 568 3752 Gottsehaleh
586 3696 675 3765 oonj.:
700 3702 819 3766 iniquam.
841 3724 875 3734 -
899 3691 931 3743 ab
948 3697 988 3741 tta.
1017 3687 1085 3738 Gn:
1112 3683 1144 3734 ab

77 3789 130 3840 iris.
149 3817 183 3828 —
201 3785 302 3838 dehere.
319 3783 368 3837 Sic
389 3781 443 3836 Gu.
462 3787 492 3834 ot
510 3797 609 3848 omnes
627 3785 695 3832 ante
712 3777 813 3832 Lamh.
832 3806 864 3818 -
886 3774 965 3828 Med.
986 3771 1014 3824 1:
1033 3768 1144 3821 debitum

78 3889 126 3924 eoa
141 3868 244 3925 debere.
262 3896 296 3910 -
312 3867 461 3921 illandus:
480 3883 524 3916 aer
542 3863 644 3915 debere.
654 3859 693 3932 (i)
710 3892 745 3904 -
760 3861 877 3931 Vulgus
896 3875 940 3910 eos
958 3855 1059 3907 dehere.

151 3953 178 4021 ξ.
196 3957 223 4009 t.
259 3957 292 4005 iis
309 3951 433 4002 salutare.
469 3947 538 3998 Gur
556 3947 597 3998 hia
614 3947 740 4000 salutaro.

151 4036 177 4105 ξ.
194 4037 220 4092 6.
256 4042 354 4105 septem
370 4032 457 4083 modtt.
492 4031 541 4082 Sie
560 4029 613 4082 Gu.
634 4028 690 4081 Gil‘.
716 4027 849 4082 lllendos.
873 4023 953 4076 Leid.
971 4019 1098 4101 lsmed·
1116 4021 1142 4073 2.

82 4122 171 4174 Voss.
190 4119 227 4175 A.
250 4125 280 4174 ot
298 4131 399 4171 omues
417 4118 484 4168 ante
501 4112 601 4168 Laurh.
621 4142 653 4154 -
674 4109 773 4165 Lamb.
799 4107 897 4162 Boool.
916 4107 969 4164 aL:
993 4123 1039 4157 sex
1055 4103 1142 4158 modii.
