2816 4702
423 199 522 296 'vu
553 232 741 298 avesnes.
1086 239 1131 300 os

58 388 252 482 pellabatur.
287 383 355 456 Sed
376 384 520 458 instabat,
537 395 665 476 tempus
682 383 723 454 ad
746 383 869 456 bellum
890 385 1128 476 proficiscendi.
1151 413 1156 433 ·

57 495 94 561 Id
118 494 174 562 illa
197 493 324 558 intuens
347 511 455 579 neque
482 491 633 577 ignorans
656 488 773 560 civium
800 510 932 557 suorum
955 503 1128 560 consuetu·

60 596 172 664 dinem
194 592 393 682 postulabat,
420 592 447 658 si
471 589 547 681 quid
571 590 614 658 de
642 611 680 658 se
707 591 759 680 agi
784 591 918 671 vellent,
946 593 1054 680 potius
1081 594 1124 662 de

57 706 236 786 praesente
260 693 406 784 quaestio
428 691 617 774 baberetur,
640 713 738 782 quam
759 691 881 760 absens
901 692 1041 760 invidiae
1063 695 1125 762 cri-

58 801 147 866 mine
181 807 396 866 accusaretur.
449 795 570 864 Inimici
590 816 683 863 vero
717 793 788 882 ejus
820 793 1055 883 quiescendum
1093 797 1158 864 inu

57 899 237 989 praesenti,
265 899 341 988 quia
367 897 479 966 noceri
505 919 570 966 non
598 915 703 985 posse¹
725 894 956 984 intelligebant,
983 907 1018 964 et
1046 896 1124 964 illud
1146 888 1176 964 J

58 1014 190 1090 tempus
213 998 469 1088 exspectandum
491 998 715 1079 decreverunt,
737 991 802 1088 quo
826 997 852 1064 si
866 998 987 1066 exisset
1007 997 1126 1067 absen-

59 1116 126 1172 tem
156 1100 427 1193 aggrederentur,
453 1102 562 1191 itaque
588 1101 741 1169 iecerunt
789 1101 870 1168 Nam
897 1111 1072 1194 postquam
1093 1102 1125 1168 in
1140 1118 1178 1176 ε’

61 1206 203 1274 Siciliam
229 1224 306 1272 eum
335 1203 537 1292 pervenisse
554 1201 781 1282 crediderunt,
814 1201 1003 1286 absentem,
1022 1203 1126 1295 'quod

61 1329 156 1376 sacra
180 1306 346 1386 violasset,
368 1295 459 1374 ravim
481 1305 641 1386 lecerunt,
678 1305 751 1384 Qua
772 1303 814 1372 de
836 1326 873 1376 te
895 1326 970 1374 oum
993 1307 1126 1374 einunss

61 1414 123 1478 tius
147 1430 167 1477 a
189 1409 377 1497 magistratu
398 1407 430 1476 in
453 1407 593 1474 Siciliam
614 1407 732 1474 missus
754 1416 851 1486 esset,
873 1417 907 1472 ut
928 1407 1061 1474 domum
1081 1407 1125 1476 nd

62 1531 216 1583 caussam
238 1509 411 1580 dicendam
431 1508 566 1589 rediret,
592 1498 747 1599 essetque
775 1508 808 1576 in
828 1515 946 1600 magna
966 1529 1028 1598 spe
1049 1530 1151 1598 pro-r

61 1615 191 1695 vinciae
222 1612 309 1682 bene
334 1610 626 1693 administrandae,
658 1632 723 1678 nou
752 1631 874 1699 parere
899 1611 1001 1700 uoluit
1029 1622 1063 1682 et
1092 1611 1125 1678 in

61 1720 236 1796 triremem,
258 1735 343 1805 quae
365 1713 408 1781 ad
430 1733 505 1782 eum
527 1713 764 1803 deportandum
787 1722 857 1781 erat
876 1713 989 1795 missa,
1011 1734 1127 1782 ascen·
1151 1737 1156 1748 “

63 1820 117 1888 dit
160 1805 230 1887 Hac
252 1815 387 1884 Thurios
414 1815 445 1882 in
466 1815 588 1884 ltaliam
612 1825 788 1904 pervectus
813 1815 912 1884 multa
938 1837 1052 1886 secum
1073 1831 1160 1886 ret

61 1934 180 2014 putans
200 1921 246 2022 de
267 1917 478 1988 immoderata
494 1919 611 1988 civium
622 1939 754 1986 suorum
776 1919 904 1988 licentia
921 1918 1126 1988 crudelitate·

62 2048 127 2118 que
152 2043 233 2114 erga
254 2022 382 2091 nobiles
401 2021 601 2088 utilissimum
627 2032 716 2089 ratus
741 2022 983 2110 impendentem
1003 2025 1125 2092 evitare

61 2137 303 2217 tempestatem,
324 2124 467 2193 clamtse
490 2143 510 2190 a
531 2122 721 2191 custodibus
743 2123 899 2216 subdinit
911 2135 945 2192 et
964 2124 1040 2192 inde
1061 2127 1127 2214 pri-

61 2254 152 2301 mum
174 2227 308 2305 Elidem,
330 2223 450 2316 deinde
473 2224 600 2294 Thebas
622 2225 717 2295 venit
759 2227 935 2317 Postquam
957 2237 1066 2294 antem
1086 2245 1160 2299 sea

61 2333 179 2423 capitis
206 2331 391 2398 damnatum
425 2327 519 2396 bouis
546 2327 717 2420 publicatis
744 2328 865 2399 audivit
892 2339 944 2410 et,
975 2327 1010 2396 id
1037 2329 1128 2419 quod

61 2459 125 2503 usu
152 2441 301 2510 venerat,
327 2429 535 2519 Eumolpidas
563 2430 755 2526 sacerdotes
788 2453 808 2501 a
834 2431 956 2522 populo
985 2442 1128 2519 coactos,

61 2549 97 2605 ut
120 2557 158 2604 se
183 2535 383 2602 devoverent
405 2534 542 2622 ejusque
565 2531 757 2614 devotionis,
784 2555 850 2626 quo
872 2535 1017 2607 testatior
1038 2537 1128 2616 esset

62 2637 232 2717 Πὶθῐῐὶθΐῐᾶι
254 2633 438 2724 exemplum
460 2633 491 2704 in
514 2635 579 2725 pila
597 2636 728 2728 lapidea
743 2638 879 2709 incisum
893 2660 971 2708 esse
987 2638 1128 2728 positum
1143 2639 1172 2734 ξ·
1185 2639 1230 2732 {1¹33

136 2940 162 3011 5.
182 2944 208 2996 2·
240 2946 337 2992 nocet.
371 2939 423 2992 Sic
441 2937 493 2994 Gn.
513 2924 589 2996 Dan.
610 2933 666 2994 dat.
690 2939 791 2997 Boeol.
808 2942 867 2997 Ax.
895 2941 977 2998 leid.
995 2946 1022 2998 2.-
1040 2942 1126 2995 Voss.

61 3031 100 3084 A.
120 3026 157 3082 Β.
181 3050 216 3066 -··
238 3024 319 3077 Laid.
339 3028 364 3096 1,
386 3029 416 3077 et
440 3024 471 3077 iu
487 3019 574 3080 Voss'.
592 3026 629 3080 Α.
655 3041 742 3095 snpra
761 3028 919 3100 scriptum,
946 3027 1019 3080 eud.
1039 3031 1127 3079 vett:

60 3129 171 3166 meere
185 3137 220 3152 -··
242 3108 355 3162 bamba
376 3127 470 3161 nucem
486 3129 520 3163 se
537 3117 575 3163 at.
598 3137 632 3152 ι·
655 3111 727 3163 Aac:
749 3130 800 3182 qna
816 3127 917 3182 repro
935 3119 1056 3184 quta.·-
1078 3126 1129 3182 qno

61 3206 86 3252 ai
105 3203 204 3250 exisset
222 3193 349 3246 oduntem
367 3201 415 3246 etc.
434 3193 482 3246 Sic
502 3195 669 3250 Leid.1.-
686 3194 786 3250 Boecl.
804 3197 860 3250 Ax.
882 3197 933 3252 Gn.
951 3195 1037 3250 Voss.
1049 3195 1127 3250 Ml.

62 3281 121 3337 Ed.
141 3279 218 3333 Uitr.
237 3283 267 3332 ot
284 3293 384 3331 omnes
402 3283 470 3331 ante
489 3279 588 3333 bamb.
606 3279 694 3334 editi:
716 3298 767 3352 quo
789 3287 813 3334 et
833 3287 930 3336 exisset
945 3288 974 3334 ct
991 3281 1129 3334 absentem.

61 3365 149 3420 Laid.
173 3365 204 3416 2:
223 3375 275 3433 qno
290 3368 313 3414 si
329 3369 427 3414 eximet
441 3369 471 3414 nt
487 3369 511 3416 el
524 3363 665 3418 ‘cimicem

136 3447 163 3517 5.
182 3451 209 3504 3.
243 3453 335 3498 mineus
351 3455 427 3510 esaan
462 3447 551 3502 Voss.
568 3448 606 3502 uz
629 3456 721 3502 missus
743 3456 791 3502 eat.
812 3439 959 3521 -ssrnlnrt
982 3447 1069 3505 Voss.
1087 3451 1128 3502 A:

61 3535 155 3588 nouat.
172 3559 207 3574 ·-
224 3529 276 3584 Ed.
289 3529 380 3582 Ultra
392 3529 495 3600 parire
509 3533 591 3586 noluit
606 3534 669 3588 cine
687 3525 745 3588 non.
760 3563 794 3576 -
809 3535 1092 3589 br'trircmemt'Leid.
1103 3539 1129 3588 2.

62 3627 90 3672 lu
109 3633 168 3669 om.
187 3643 223 3656 —
241 3612 297 3666 Gir.
318 3610 375 3684 [l]:
393 3619 551 3668 dulciorem.

135 3699 161 3770 ᾗ.
181 3703 206 3756 4.
233 3699 302 3748 Hac.
326 3697 375 3750 Sic
386 3698 440 3752 Gn.
457 3699 515 3752 Ax.
534 3699 633 3757 Boecl.
651 3703 737 3757 Voss.
748 3702 782 3756 B.
802 3703 855 3756 Bd.
867 3701 944 3758 Uln.
957 3733 992 3745 -
1003 3700 1085 3754 Laid.
1098 3703 1131 3754 2:

61 3785 137 3839 naec.
162 3811 198 3864 -7
227 3781 326 3836 cano.
349 3783 404 3836 ab:
430 3803 469 3837 ac.
492 3813 527 3825 -
551 3793 635 3838 ratus.
662 3788 743 3841 Laid.
762 3793 792 3843 2:
819 3795 931 3860 ruptum.
955 3814 992 3826 -
1017 3783 1130 3836 Eltdem.

64 3870 149 3924 Leld.
169 3873 199 3921 2:
218 3867 337 3918 Eludarn.
411 3895 414 3902 ·
699 3873 725 3924 Ι
1009 3921 1014 3928 ,

135 3951 162 4021 5.
181 3955 207 4005 5.
243 3949 424 4020 Eumolpidae.
454 3951 531 4007 Dan.
551 3952 630 4006 ltcid.
646 3957 669 4008 1.
687 3955 755 4008 Sav.
774 3953 839 4008 Pnt.
860 3953 917 4004 Gis.
936 3953 1022 4006 Voss·
1040 3953 1074 4006 Α.
1089 3950 1127 4004 B:

66 4035 234 4108 Olpnqn'dac.
255 4063 292 4076 -··
317 4034 375 4088 Ax.
400 4036 479 4090 Laid.
496 4041 527 4093 2:
553 4038 732 4108 Olympiadas.
754 4065 789 4078 u·
818 4035 886 4088 (ium
911 4037 1074 4110 Olympiadas.
1097 4067 1130 4079 -

64 4123 180 4192 ejusque.
198 4117 253 4171 Ed.
271 4117 347 4173 Uitr.
366 4139 414 4192 que
432 4137 488 4176 om.
508 4151 540 4164 -—
559 4127 686 4174 testatior·
703 4120 784 4175 beiti.
802 4124 832 4177 2:
851 4127 964 4175 testatae.
1114 4129 1117 4137 '
