2818 4704
425 290 498 350 XV.
526 289 769 370 Epaminondas.
1072 297 1130 358 167
1180 251 1185 266 ¹

57 443 205 512 omnium
227 460 302 508 eum
322 439 479 510 hilaritate
492 453 623 510 coortus
643 451 694 512 est
713 463 822 535 neque
837 445 1008 536 qnisquam
1023 445 1128 538 judex

56 567 159 613 ansus
188 555 240 612 est
266 541 309 608 de
336 563 377 609 eo
405 542 491 610 ferre
514 542 711 633 suffragium.
752 547 807 614 Sic
828 547 989 635 ajndicic
1012 551 1126 639 capitis

56 649 201 716 maxima
223 645 374 714 discessit
395 644 504 734 gioria.

146 751 222 838 Cap.
243 749 290 816 IX.
330 747 389 814 Hic
412 757 558 814 extremo
580 757 728 837 tempore
750 749 925 838 imperator
941 753 1028 840 apud
1040 755 1125 822 Man·
1143 769 1158 822 1

56 857 192 931 tineam,
220 871 294 917 cum
316 850 388 918 acie
410 851 563 918 instructa
585 849 741 922 audacius
763 853 896 920 instaret
916 853 1042 936 hostes,
1069 877 1125 924 co-

57 957 165 1046 gnitus
188 975 208 1020 a
228 951 510 1032 Lacedaemoniis,
538 952 628 1040 quod
655 953 687 1020 in
713 954 806 1022 unius
837 956 981 1044 pernicie
1003 957 1125 1046 patriae
1140 955 1224 1049 ἐξὲξ(

58 1060 155 1125 sitam
175 1053 331 1145 putabant
351 1053 501 1134 salutem,
526 1055 666 1124 universi
687 1056 720 1124 in
741 1079 840 1126 unum
861 1057 1016 1147 impetum
1037 1058 1126 1127 iece-

57 1170 131 1226 runt
153 1179 262 1246 neque
284 1157 372 1246 prius
400 1157 644 1238 abscesserunt,
670 1180 767 1248 quam
794 1181 912 1250 magna
933 1160 1038 1230 caede
1060 1161 1126 1252 [sa-

59 1275 125 1341 cta,
152 1260 325 1348 multisque
352 1259 502 1350 occisis]
534 1259 706 1342 fortissime
739 1262 844 1349 ipsum
870 1264 1123 1352 Epaminondam

59 1373 256 1455 pugnantem
282 1383 380 1451 sparo
410 1363 534 1430 eminus
556 1383 750 1449 percussum
771 1365 945 1432 concidere
968 1365 1123 1434 viderunt

58 1469 158 1557 Hujus
185 1486 265 1534 casu
292 1463 488 1554 aliquantum
514 1464 667 1532 retardati
696 1475 770 1532 sunt
790 1465 914 1532 Boeotii
940 1487 1049 1555 neque
1076 1479 1156 1534 tra-n

58 1592 134 1636 men
154 1568 245 1658 prius
271 1587 380 1657 pugna
408 1577 632 1647 excessemnt,
659 1589 757 1657 quam
782 1567 990 1657 repugnantis
1015 1567 1124 1657 profli-

60 1681 181 1761 garunt
221 1670 261 1738 At
281 1670 518 1758 Epaminondas
540 1690 613 1738 cum
635 1669 905 1740 animadverteret
925 1669 1157 1738 mortiteruma

62 1795 100 1840 se
121 1773 234 1842 vuinus
255 1773 435 1861 accepisse,
456 1771 624 1861 simulque,
645 1773 673 1840 si
693 1773 823 1853 ferrum,
844 1771 933 1864 qnod
956 1793 998 1840 ex
1019 1771 1123 1840 hastili

60 1877 91 1942 in
114 1897 252 1964 corpore
273 1885 486 1954 remanserat,
519 1875 720 1957 extraxisset,
741 1876 880 1946 animam
900 1875 1005 1944 statim
1026 1875 1123 1944 emis·

58 2001 177 2058 surum,
199 2000 304 2068 usque
328 2000 369 2046 eo
391 1977 533 2056 retinnit,
559 1977 668 2066 quoad
697 1981 909 2049 renuntiatum
932 1987 982 2046 est
1003 1977 1120 2046 vicisse

58 2082 220 2150 Boeotios.
267 2081 304 2149 id
330 2089 503 2170 postquam
530 2079 662 2146 audivit:
691 2088 793 2162 satis,
821 2080 935 2170 inquit,
963 2087 1044 2159 rixi·
1070 2088 1154 2152 iri-4

59 2192 167 2254 victus
186 2191 274 2252 enim
293 2190 432 2254 morior.
466 2183 555 2268 ‚Tum
576 2181 662 2278 ierro
685 2193 828 2254 extracto
855 2183 1023 2252 confestim
1044 2204 1121 2250 exa·

58 2287 195 2356 nimatus
219 2295 276 2356 est.

58 2516 262 2536 m

519 2598 589 2668 Gap.
607 2597 662 2652 IX.

125 2684 153 2756 ἦ.
179 2686 205 2740 l.
244 2680 342 2734 iactet.
381 2681 430 2736 Sic
451 2681 529 2738 Dan.
552 2713 588 2726 -
617 2683 671 2738 (iu.
693 2683 750 2742 Ax.
774 2682 860 2736 Voss.
877 2683 912 2736 A.
932 2683 966 2736 Β.
993 2681 1076 2736 Laid.
1093 2686 1120 2736 2.

58 2769 110 2824 lid.
128 2767 205 2822 Uitr.
223 2771 254 2821 ot
269 2771 339 2820 vett.
350 2766 440 2820 lica:
456 2765 579 2820 iactibus.
591 2797 627 2812 -
642 2774 769 2841 cognitae.
787 2766 888 2820 Boecl.
906 2768 963 2820 Ax.
983 2766 1067 2819 Voss.
1081 2765 1120 2817 B:

58 2860 198 2927 cognitam.
214 2881 250 2896 -ω
265 2858 292 2903 tn
307 2857 380 2904 cuins
392 2856 509 2921 pernicia
525 2853 590 2920 ejas.
608 2851 657 2904 ste
676 2851 729 2904 Gn.
748 2854 806 2906 Ax.
826 2851 909 2905 Voss.
922 2850 958 2902 A.
978 2849 1031 2902 Ed.
1042 2847 1121 2903 Uitr.

59 2940 125 2992 Ald.
143 2937 241 3010 Long.
259 2965 295 2979 -
315 2933 453 2988 Vestali.
481 2935 537 3004 ejus
559 2951 615 2988 om.
633 2965 667 2977 -
688 2935 744 2989 Ed.
764 2935 864 2996 Lamb,
882 2935 998 3002 stapla:
1022 2941 1048 2984 in
1065 2934 1121 3000 ejus

57 3031 129 3076 natas
144 3028 271 3094 pernicie.
293 3049 326 3062 -
348 3019 434 3072 Voss.
454 3018 490 3072 B:
515 3027 737 3072 arcesserent-
755 3020 852 3094 [facta
869 3019 1024 3086 multisque
1043 3015 1120 3067 oeci·

57 3107 123 3178 sis].
143 3105 220 3159 Dan.
241 3105 292 3159 Gn.
313 3103 411 3158 Boecl.
430 3103 488 3170 Ax.
505 3104 640 3157 vossii.
659 3103 741 3158 Leid.
761 3113 786 3161 t.
806 3105 861 3162 Ed.
876 3103 952 3157 Uitr.
972 3105 1002 3154 et
1020 3115 1120 3152 omnes

58 3199 127 3245 anie
149 3189 252 3244 Lanrb.
269 3186 354 3258 sucta
376 3204 432 3242 om.
454 3183 489 3230 -ζ
501 3184 661 3255 fortissime.
690 3189 739 3242 sic
761 3189 842 3242 Laid.
860 3193 885 3244 l.
911 3187 964 3238 Gn.
983 3187 1039 3237 Ax.
1065 3183 1118 3238 Ed.

57 3275 134 3330 Ultr.
152 3305 188 3317 -
204 3273 259 3327 lid.
278 3271 343 3326 did.
364 3273 458 3344 Long.
477 3273 577 3326 Lamb.
590 3273 635 3326 al.
654 3289 711 3326 om.
724 3301 759 3316 -ι-
775 3293 865 3344 spara
883 3272 963 3326 Laid.
976 3275 1008 3325 2:
1024 3269 1118 3342 pharo.

125 3361 152 3429 ξ.
174 3361 202 3415 2.
241 3377 312 3411 casn.
350 3359 399 3411 Sic
421 3358 507 3412 Voss.
526 3355 561 3412 B.
586 3357 638 3412 Ed.
658 3357 733 3412 Ultr.
756 3386 793 3400 -·
819 3357 873 3412 (in.
897 3359 954 3411 Ax.
979 3356 1064 3410 Voss.
1083 3357 1118 3408 A.

58 3443 178 3499 teian.
204 3445 235 3495 ct
251 3446 321 3494 voit.
340 3441 431 3496 itta:
456 3461 545 3496 caetra.
569 3473 604 3484 -
625 3444 740 3496 Boeotii.
763 3441 817 3497 Gn.
840 3443 898 3497 Ax.
922 3444 1006 3496 Voss.
1025 3437 1059 3494 Α.
1079 3440 1118 3493 B:

59 3530 154 3584 Boetii.
176 3557 212 3570 -
234 3534 414 3599 repugnantis.
440 3526 488 3579 sie
513 3527 567 3581 Gn.
586 3527 670 3582 Voss.
690 3529 725 3580 A.
742 3557 777 3568 -
800 3527 914 3603 Vulgot
936 3531 1121 3598 repugnantes.

57 3641 89 3653 -
107 3612 275 3682 attqseaeam.
303 3610 446 3665 stenen.
466 3609 648 3666 anan·
669 3613 723 3666 Ed.
740 3604 815 3668 litte.
839 3613 934 3687 Long.
951 3612 1048 3682 Maga
1072 3606 1121 3657 aii-

57 3697 215 3768 pacatulam.

126 3779 153 3849 ὅ.
172 3783 197 3836 3.
231 3797 260 3832 ae
276 3779 372 3840 winae.
407 3780 481 3834 Am:
502 3781 591 3834 culam
607 3799 644 3834 ae.
665 3810 700 3823 -
722 3788 878 3836 euctemon.
907 3781 956 3833 stc
975 3775 1029 3827 Gn·
1052 3774 1118 3827 sev.

59 3863 117 3918 air.
136 3864 204 3918 Put.
222 3863 321 3917 BoecI.
340 3864 398 3919 Ax.
418 3865 502 3918 Voss.
521 3866 556 3918 Δ.
575 3863 609 3916 Β.
629 3865 686 3919 Ox.
706 3865 787 3919 teia.
804 3869 828 3921 2.
848 3863 901 3918 lid.
913 3861 989 3915 Uitr.
1009 3888 1042 3900 -
1066 3855 1118 3912 Ed.

59 3950 132 4022 Arg.
152 3948 222 4002 Par.
241 3949 309 4002 Ald.
327 3948 425 4023 Long.
443 3949 559 4003 Lamo:
578 3953 736 4002 maiacum.

126 4032 154 4102 t.
172 4037 199 4090 t.
235 4039 296 4087 ner.
331 4033 416 4094 vass.
434 4035 475 4090 A:
493 4039 555 4088 net.
