2818 4704
279 307 338 369 178
662 303 802 362 comem
820 301 955 381 Nepotis

280 457 389 527 ciiiare
420 455 610 533 amiciores,
641 453 733 543 quod
762 455 802 522 iis
832 451 967 522 studere
996 439 1229 539 consuessent,
1262 483 1345 552 quos

280 579 476 629 conservare
496 557 598 626 fidem
618 555 773 625 viderent

246 671 263 726 l
366 663 441 751 Cap.
460 663 509 728 Ill
551 661 727 752 Postquam
746 658 946 726 induciarum
970 655 1136 750 praeteriit
1156 661 1246 743 dies,
1273 665 1346 732 har-

279 765 380 834 harus
400 785 465 832 non
488 763 653 843 dubitans,
680 761 769 852 quod
791 763 891 851 ipsius
913 775 1004 830 erant
1024 763 1160 852 plurima
1182 766 1345 836 domicilia

279 872 313 938 in
334 869 427 937 Caria
448 879 482 934 et
502 887 544 935 ea
561 867 655 955 regio
681 867 721 932 iis
742 863 943 954 temporibus
971 865 1071 933 multo
1098 867 1278 956 putabatur
1302 873 1345 939 lo-

253 971 519 1062 'cupletissima‚
557 989 598 1036 eo
633 969 836 1057 potissimum
866 967 968 1035 hostis
1000 969 1156 1056 impetum
1187 971 1345 1056 facturos,

245 1075 385 1156 somnis
407 1093 484 1139 snas
506 1072 619 1160 copias
641 1089 683 1137 eo
705 1079 916 1136 contraxerat
957 1071 996 1136 At
1010 1068 1178 1158 Agesilaus
1201 1074 1345 1168 inPhry-

280 1177 366 1266 giam
392 1195 432 1240 se
461 1173 620 1242 convertit
644 1193 783 1262 eamque
811 1173 900 1260 prius
926 1172 1141 1262 depopulatus
1168 1187 1223 1242 est
1250 1201 1343 1268 quam

281 1276 514 1366 Tissaphernes
533 1297 673 1366 usquam
699 1295 738 1343 se
763 1285 917 1342 moveret
959 1269 1073 1366 lla'gna
1093 1277 1222 1366 praeda
1244 1283 1346 1348 militi

279 1380 343 1448 hus
373 1381 576 1469 locupletatis
607 1379 770 1468 Ephesum
801 1377 976 1446 hiematum
1008 1380 1186 1448 exercitum
1218 1384 1346 1451 reduxit

254 1490 379 1572 :atque
414 1483 460 1550 ibi
493 1481 628 1550 officinis
661 1501 825 1548 armorum
862 1481 1008 1548 muniis
1040 1500 1158 1572 magna
1189 1485 1345 1555 industria

280 1587 402 1654 bellum
423 1587 596 1676 apparavit
631 1585 670 1649 Et
684 1605 749 1700 qno
768 1583 942 1652 studiosius
956 1596 1156 1652 armarentur
1175 1588 1344 1678 insignius-
1396 1643 1397 1668 ι

256 1711 348 1781 que
380 1699 569 1756 omarentnr
598 1688 744 1804 praemia
775 1687 961 1776 proposuit,
991 1687 1109 1776 quibus
1140 1689 1344 1774 donarentur

247 1771 421 1884 dqnorum
447 1792 580 1881 egregia
605 1785 637 1857 in
664 1811 705 1858 ea
731 1811 769 1856 re
795 1790 909 1858 fuisset
933 1789 1095 1856 industria
1136 1791 1230 1859 Fecit
1259 1796 1342 1862 idem

280 1898 314 1962 in
336 1893 598 1963 exercitationum
619 1893 801 1984 generibus,
822 1904 864 1974 ut
885 1893 941 1982 qui
962 1893 1081 1960 ceteris
1100 1898 1341 1982 praestitissent

282 2019 342 2064 eos
362 1997 488 2085 magnis
510 1993 655 2064 afficeret
674 1995 870 2063 mnnenhus.
913 1997 968 2064 llis
989 1997 1084 2086 igitur
1101 1995 1205 2065 rebus
1228 2001 1397 2079 effecit

280 2101 317 2168 nt
337 2105 371 2168 e‘t
387 2100 622 2167 ornatissimum
639 2109 672 2166 et
688 2100 984 2166 exercitatissimum
999 2099 1137 2168 haberet
1158 2105 1343 2171 exercitum
1396 2129 1397 2184 l

248 2205 362 2271 tlluic
383 2223 458 2270 cum
478 2213 607 2292 tempus
629 2213 718 2270 esset
731 2202 835 2270 visum
850 2203 962 2292 copias
978 2201 1148 2270 extrahere
1171 2225 1215 2271 ex
1235 2206 1344 2274 hiher-
1396 2199 1397 2270 ἶ

281 2305 419 2388 naeniis,
442 2305 535 2386 vidit,
560 2307 588 2372 si
615 2325 680 2394 quo
708 2315 799 2372 esset
823 2305 885 2373 iter
909 2305 1051 2372 factrrms
1072 2305 1196 2394 palam
1201 2329 1343 2396 pronun·
1396 2315 1397 2346 ³

280 2411 399 2488 tiasset
419 2409 529 2477 hostes
550 2430 616 2476 non
630 2407 811 2476 credituros
831 2407 976 2500 aliasque
997 2409 1162 2508 regiones
1169 2412 1343 2497 praesidiis

281 2522 497 2606 occupaturos
528 2533 637 2606 neque
668 2508 867 2581 dubitaturos
893 2509 981 2576 alind
1009 2533 1086 2578 esse
1116 2498 1278 2580 facturum
1305 2535 1343 2580 ac
1396 2599 1397 2604 Ἰ

247 2614 526 2704 tpronnntiasset
568 2615 686 2704 ltaque
701 2633 777 2682 cnm
797 2612 852 2682 ille
872 2611 1012 2680 Sardis'
1003 2623 1120 2680 iturum
1140 2636 1178 2697 se
1201 2614 1342 2698 dixisset

732 2849 803 2922 Cap.
829 2849 885 2906 ΠΙ.

285 2929 289 2938 ’
316 2929 319 2936 ’
346 2933 374 3009 ξ
395 2938 422 2992 l.
461 2934 503 2988 his
524 2933 687 3006 tenporibus.
721 2933 806 2990 Voss.
823 2935 861 2992 A.
884 2931 1052 2990 ildinus:
1071 2939 1111 2987 its.
1139 2965 1173 2978 -
1200 2935 1341 2991 doeth...-

279 3015 369 3074 ὀιιιιιίι.
386 3019 435 3073 Sic
453 3019 505 3073 Gn.
526 3021 581 3073 Ax.
599 3050 633 3060 -
649 3019 765 3094 Vulgo:
783 3021 927 3072 hesteri...
944 3037 1039 3072 omnes.

348 3105 376 3172 ἦ.
392 3109 418 3160 2.
454 3110 599 3176 apparavit.
633 3105 682 3158 Sic
701 3106 755 3158 Gn.
770 3105 903 3159 Mendes.
922 3101 988 3156 Sar.
1005 3101 1092 3158 Voss.
1109 3103 1146 3156 A.
1162 3101 1197 3156 B.
1217 3101 1339 3160 Letaa
1396 3099 1397 3136 ἶ

209 3259 211 3262 Ι
278 3188 334 3241 Ed.
350 3188 425 3245 Ultr.
441 3217 477 3230 -
493 3189 564 3242 Am:
583 3195 760 3262 opparnttoe·
730 3187 835 3241 —·.Ed
853 3184 1339 3262 Par.ata.1.ong.1ttag.1,mo.

279 3271 333 3324 al:
326 3291 401 3342 ,μιν
370 3279 507 3324 mavit.-
471 3279 704 3346 -iaeigmsqae
721 3273 822 3327 Boeel.
838 3273 896 3326 Ax.
915 3269 1041 3326 tussa
1059 3292 1108 3344 que
1124 3288 1228 3328 om.-
1246 3275 1339 3328 narn:
1396 3263 1397 3268 ¹

277 3329 528 3428 tutgntoe-bmqne
492 3355 618 3410 -..·(ιίιι
640 3363 767 3432 insignia
790 3363 821 3411 et
841 3357 959 3412 litterae
977 3376 994 3408 ιι
1010 3347 1235 3456 superscriptam
1255 3357 1338 3414 estb.

278 3447 453 3514 —egregio
429 3441 556 3494 a.voss
573 3437 611 3493 Β.
604 3447 745 3514 .ia.egrec

287 3523 374 3594 ᾗ
391 3529 420 3580 3.
454 3545 499 3578 eoa
514 3545 557 3576 mo
554 3532 626 3598 guia.
659 3526 708 3579 Sic
727 3521 780 3579 Gn.
798 3526 855 3579 Ax.
873 3525 927 3579 Ed.
940 3523 1066 3579 Uitr.
1082 3523 1181 3578 Boccl.
1202 3523 1289 3580 Voss.
1301 3524 1340 3578 B:

277 3628 323 3663 eos
340 3629 412 3682 magr
414 3629 435 3664 ι.
454 3638 488 3652 -
505 3609 585 3664 Lctd.
600 3611 633 3665 ¹2.
650 3610 758 3663 haberet
774 3617 913 3665 exercitum
929 3617 956 3662 et
972 3615 1219 3664 exercitatissimus.

347 3693 373 3764 ὅ.
392 3699 418 3752 d·
453 3693 548 3747 hostes.
580 3693 638 3748 Ax.
657 3695 741 3751 Voss'.
759 3693 798 3748 Bt
815 3693 905 3774 hostis.
923 3723 957 3735 -
979 3695 1104 3768 altasque.
1121 3693 1177 3748 Ed.
1193 3691 1273 3747 mtr.
1292 3713 1340 3766 que

278 3795 335 3832 οιιι.
352 3811 385 3822 -
398 3779 551 3852 praesidiis,
570 3779 619 3834 Sic
636 3779 711 3834 Dan.
726 3777 809 3832 teia.
822 3781 846 3832 l.
865 3809 900 3821 —
918 3777 970 3832 Gn.
981 3779 1038 3832 Ax.
1055 3779 1148 3834 etlld.
1160 3778 1227 3832 Ald.
1239 3777 1338 3849 Long.
1396 3831 1397 3838 ,

277 3861 376 3918 hamb.
394 3865 432 3918 al.
451 3883 507 3919 orn.
533 3893 568 3906 -
590 3863 644 3917 Ed.
663 3863 752 3918 Uita:
770 3864 916 3936 praesidio.
937 3895 972 3906 -
994 3883 1074 3936 neque
1091 3863 1262 3916 Mentores.
1290 3863 1339 3915 Sic
1396 3869 1397 3878 ¹

278 3947 331 4004 (iu.
350 3949 406 4002 Ax.
425 3979 459 3990 -
482 3949 595 4022 Vulgo:
618 3967 675 4000 nec
697 3947 776 4000 dudit.
799 3977 834 3988 -
857 3947 930 4000 aliud
950 3947 1161 4016 essesactrvem.
1188 3947 1263 4001 AL:
1283 3965 1340 4000 ιιοιι

277 4031 350 4084 eliud
364 4052 419 4084 esse
428 4031 575 4101 sactorum.
591 4061 626 4072 -
642 4033 695 4086 Ed.
715 4031 805 4086 Ultra
824 4033 896 4084 aliud
911 4051 967 4084 eum
976 4029 1123 4099 foetuum.

334 4111 370 4184 ⁴5.
388 4113 414 4168 5.
452 4117 554 4169 Sordts.
589 4117 637 4171 sie
655 4117 709 4173 (lu.
727 4117 784 4172 Ax.
803 4115 888 4170 Voss.
900 4118 936 4170 A.
948 4113 982 4170 Β.
1001 4113 1083 4169 teir.
1097 4121 1124 4172 2.
1143 4113 1197 4168 Ed.
1208 4113 1285 4169 Ultr.
1301 4143 1338 4154 -

274 4196 389 4270 Vulgo:
412 4201 521 4285 Sardes.
538 4229 573 4244 -·
593 4208 687 4254 iturum
702 4219 738 4255 ιι.
766 4200 815 4254 Sic
833 4200 910 4256 Dan.
930 4198 983 4255 (in.
1001 4199 1068 4256 Ax:
1081 4229 1117 4243 ··-
1138 4197 1192 4254 Ed.
1210 4197 1286 4255 ultr.
1304 4203 1338 4253 et
