2816 4682
333 307 436 368 XXV.
471 305 509 369 Τ.
532 303 722 383 Pomponius
741 306 875 366 Atticus.
1073 304 1132 366 249

73 475 140 522 non
161 451 311 536 offendit;
333 455 452 524 nullum
474 455 516 524 ab
539 477 581 524 eo
603 455 746 522 habebat
766 463 999 534 ornamentum,
1020 465 1057 522 ut
1077 473 1133 522 ce-

74 558 153 634 teri,
188 558 243 645 qui
272 579 333 647 per
359 579 435 626 eum
463 566 518 624 aut
549 556 691 624 honores
721 567 776 624 aut
810 557 935 624 divitias
962 565 1131 645 ceperant:

73 678 211 745 quorum
249 659 365 744 partim
396 657 572 724 invitissimi
610 666 719 724 castro
750 668 825 724 sunt
860 659 981 734 secuti,
1018 660 1132 744 partim

73 779 201 826 summa
234 777 309 825 cum
336 759 407 846 ejus
440 756 618 824 offensione
649 758 737 824 domi
763 768 993 824 romanserunt.
1042 760 1167 826 Atticis

72 870 186 926 nutem
208 858 302 947 quies
325 869 492 949 tantopere
514 858 645 926 Caesari
670 859 727 926 tuit
753 870 855 946 grata,
881 869 916 925 ut
936 859 1038 924 victor
1061 879 1134 924 cum

75 961 208 1050 privatis
235 961 390 1048 pecunias
417 981 479 1049 per
500 961 653 1050 epistolas
675 961 862 1048 imperaret,
889 958 964 1028 huic
991 981 1056 1028 nou
1081 981 1136 1026 sc-

75 1063 143 1128 lum
170 1060 326 1129 molestus
352 1085 417 1130 non
444 1063 552 1141 tuerit,
579 1061 640 1132 scd
663 1062 758 1132 eliam
780 1062 901 1128 sororis
922 1060 1023 1128 tilium
1045 1071 1079 1129 et
1099 1062 1135 1138 Q.

75 1165 268 1232 Ciceronem
298 1184 339 1230 ex
363 1165 510 1252 Pompeji
541 1165 654 1232 castris
686 1164 893 1232 concesserit.
941 1164 996 1234 Sic
1023 1174 1135 1232 vetere

76 1266 217 1332 instituto
240 1265 326 1332 vitae
350 1263 461 1352 elingit
481 1285 566 1334 nova
586 1265 739 1353 pericula.

165 1367 241 1455 Cap.
263 1367 335 1433 lllll
379 1367 544 1456 [Secutum
567 1377 619 1434 est
638 1365 735 1454 ittam]
758 1367 869 1434 occiso
889 1369 1039 1446 Caesare,
1061 1387 1135 1436 cum
1153 1381 1168 1434 1

77 1467 265 1557 respublica
292 1489 396 1556 penes
422 1471 537 1534 Brutos
564 1466 727 1534 videretur
756 1489 832 1536 esse
862 1477 894 1536 et
922 1468 1067 1536 Cassium
1096 1489 1135 1534 uc
1150 1469 1234 1563 3334

79 1581 145 1638 tota
166 1570 277 1638 civitas
299 1589 337 1636 so
358 1567 401 1636 ad
423 1589 483 1638 cos
504 1570 703 1637 convertisse
725 1569 897 1646 videretur,
916 1571 966 1638 sic
987 1571 1024 1636 ll.
1040 1572 1169 1638 Brutoa

80 1695 159 1740 usus
191 1683 260 1752 est,
292 1681 328 1740 ut
358 1669 445 1740 nullo
477 1669 532 1740 illo
562 1669 756 1742 adolescens
788 1673 914 1764 aequali
946 1672 1138 1753 familiarius,

82 1818 286 1836 μ--ιι-ι-Ο

82 1891 235 1946 14111).-
252 1889 328 1944 lierl.
343 1893 374 1946 2:
391 1890 574 1961 eibijanctnn.
590 1919 626 1934 -
642 1889 696 1946 Ma.
715 1892 826 1947 Ernst:
842 1909 893 1944 aaa
902 1894 1018 1963 juttae.
1036 1920 1067 1934 ·-
1085 1891 1141 1944 Ed.

83 1976 173 2030 Corn.
192 1974 276 2028 Rom.
295 1974 388 2028 Meda
412 1981 574 2030 convinctum.
596 2005 631 2018 -
651 1978 747 2030 nnllam
764 1977 797 2029 ab
813 1995 852 2030 ec.
880 1977 928 2030 Sia
947 1977 1000 2030 Gn.
1019 1976 1138 2032 Lotum.

84 2059 168 2112 Voss.
189 2057 222 2112 G.
243 2073 400 2130 omnesque
419 2063 488 2111 aute
505 2058 605 2112 namt.
624 2059 686 2123 orl„
711 2061 761 2130 qui
779 2062 873 2114 nnllam
890 2067 973 2114 eatan
991 2061 1023 2111 ab
1040 2079 1071 2113 ea
1090 2060 1138 2114 dc·

83 2145 142 2196 dii:
155 2171 188 2184 -
207 2142 341 2197 Ed.Veu.
361 2145 441 2198 1499:
458 2142 566 2196 Nollem
583 2163 600 2215 q
617 2145 678 2214 (que
694 2160 747 2212 per
763 2143 964 2212 compendium
981 2143 1139 2214 redditum)

83 2227 116 2280 ab
134 2245 165 2278 eo
182 2225 294 2278 habebat
310 2236 492 2278 ornamentum.
509 2255 542 2268 -
559 2227 614 2281 Mn.
626 2227 739 2281 Ernst:
758 2235 973 2280 auctoramentum
990 2241 1044 2294 pro
1063 2245 1141 2278 orna·

81 2320 200 2368 mentam.
217 2340 251 2352 -
267 2317 356 2364 ceteri.
378 2309 464 2364 Voss.
483 2309 521 2366 C:
539 2317 632 2364 ceteri.
654 2341 689 2354 -
711 2321 842 2382 eqrerant.
863 2310 947 2364 Loto.
964 2314 994 2366 2:
1012 2316 1141 2381 ceperant.

151 2394 209 2464 §.ia
227 2399 307 2467 quiea.
326 2394 456 2450 Vasstt:
474 2399 738 2466 qaae—imperaret.
755 2393 838 2448 Voss.
847 2395 880 2452 C.
888 2394 1004 2464 Eripe.
1011 2410 1038 2448 a.
1046 2395 1138 2463 antiq.

81 2481 164 2533 Jcns.
180 2480 257 2534 1478ε
275 2484 435 2548 impetraret.
447 2507 482 2522 ·-
494 2477 611 2528 helenan
620 2479 709 2534 achan.
725 2478 843 2534 ircim:
861 2479 920 2530 mue
932 2497 981 2530 nan
992 2479 1072 2530 salam
1082 2495 1141 2529 nan.

82 2593 118 2610 .-
135 2560 336 2628 acrariastliean
353 2568 379 2612 et
398 2563 432 2624 Q.
453 2561 611 2614 cimonem
638 2561 687 2615 Sic
710 2560 763 2616 Gn.
787 2561 843 2616 Gis.
865 2561 997 2616 Mendes.
1016 2561 1096 2614 Leid.
1116 2565 1138 2617 Ι.

82 2649 139 2702 Bu.
158 2661 226 2717 pas.
246 2659 272 2700 a.
292 2645 376 2698 flam.
395 2643 492 2716 [cong.
515 2669 550 2684 -
572 2645 654 2698 Leid.
670 2649 701 2700 21
723 2651 823 2698 sororis
836 2644 928 2711 filiam
948 2648 979 2706 a.
1001 2664 1050 2716 qtae
1068 2646 1143 2697 Cice·

81 2749 181 2784 ranem.
197 2757 233 2770 -
249 2727 334 2782 Voss.
354 2727 393 2782 C:
410 2734 510 2780 cararia
530 2730 563 2789 Q.
580 2736 606 2779 et
614 2727 707 2794 filum
717 2730 877 2780 Ciceronem.
894 2759 929 2770 -
946 2729 999 2782 Eu.
1019 2743 1048 2796 p.
1065 2731 1140 2784 litu.

83 2821 116 2872 ot
132 2815 260 2866 Manut.:
278 2812 479 2880 sarariefittam
499 2813 532 2874 Q.
550 2813 709 2864 Ciceronem.
725 2841 760 2853 -
777 2811 831 2866 Ed.
851 2813 939 2866 Corn.
958 2812 1048 2882 Arga
1068 2830 1143 2863 earo-

82 2904 123 2954 ria
132 2896 225 2964 filiam
242 2903 267 2947 et
287 2898 320 2958 Q.
339 2896 482 2950 Ciceronis.
504 2925 537 2936 -
560 2894 659 2950 Lamb.
679 2895 790 2949 Schott.
809 2895 923 2952 Bacch:
946 2901 1046 2948 amoris
1064 2904 1090 2948 et
1109 2897 1143 2955 41.

85 2985 222 3035 Ciceronis
236 2977 336 3045 filiurn.
360 3007 395 3020 -
421 2986 489 3032 citae
511 2979 619 3050 cffitgit·
649 2978 730 3033 laeid-
751 2982 782 3034 2:
805 2986 887 3050 regit.
909 3005 945 3020 ·-
972 2978 1025 3033 Eli.
1050 2979 1143 3048 antiq.

82 3066 167 3122 qus.
185 3064 262 3122 1478.
280 3067 349 3118 ritae
366 3078 423 3116 om.
440 3063 546 3120 -114,
565 3064 663 3118 llam:
680 3062 792 3134 Pompei
807 3074 861 3132 pro
877 3062 1009 3133 Pompejt.

528 3147 601 3216 Gap.
620 3145 701 3200 vltt.

156 3233 182 3302 5.
202 3234 228 3288 1.
265 3233 385 3284 Secutum
405 3237 444 3283 eet
465 3230 536 3288 ittad.
572 3230 621 3283 Sic
645 3229 699 3286 Gn.
722 3229 802 3284 Leid-
819 3232 846 3284 8.
872 3227 956 3282 Voss.
976 3229 1012 3282 Δ.
1032 3228 1065 3284 (i.
1088 3229 1143 3282 Bu.

85 3335 115 3388 p.
142 3319 216 3372 1470.
240 3315 328 3368 Corn.
352 3315 426 3387 Arg.
450 3313 549 3388 Loug.
574 3313 672 3370 Lamlt.
698 3313 809 3366 Selrcti.
834 3341 869 3354 -
896 3311 950 3366 lis.
974 3313 1089 3382 Sciopp.
1115 3319 1146 3368 ct

86 3402 187 3454 Ernst.
211 3398 265 3454 Ed.
284 3413 312 3466 p.
334 3413 356 3450 a.
374 3414 400 3452 a.
420 3398 512 3468 antiq.
531 3397 612 3452 qus.
631 3397 705 3454 1478
728 3395 809 3450 Brix.
830 3395 940 3450 Paris:
964 3391 1085 3449 Secutum
1106 3403 1146 3448 est

86 3483 155 3538 iliad
171 3483 322 3552 ternpus·
339 3481 407 3551 Ego
425 3482 497 3536 hace
514 3481 604 3537 rerba
621 3485 654 3534 nt
671 3479 797 3536 insititio
813 3479 896 3534 uncis
914 3479 1027 3532 inclusi.
1039 3507 1073 3520 -
1090 3498 1146 3530 cam

85 3566 243 3638 respublica.
270 3564 323 3618 Eu.
340 3564 433 3634 antiq.
451 3565 531 3620 Jens.
552 3568 627 3620 1478.
646 3564 731 3618 Pan:
755 3582 805 3634 qao
822 3582 893 3633 resp.
909 3591 943 3604 -·
964 3562 1020 3618 Ed.
1038 3563 1146 3616 Gor-m:

86 3649 192 3722 quanda
208 3667 277 3720 resp.
293 3677 328 3690 -··
346 3648 453 3700 Brutos.
471 3648 520 3700 Sic
539 3648 592 3700 tiu.
612 3653 642 3702 ot
659 3648 733 3702 Bau.
751 3652 867 3715 practer
883 3647 963 3702 taus.
975 3649 1051 3701 1478.
1064 3645 1145 3698 Brix.

87 3734 204 3803 l'aris.;
228 3749 302 3800 quae
325 3748 388 3786 cum
411 3733 465 3786 llis.
488 3732 620 3786 Mendes.
644 3733 755 3786 Brutum
778 3731 896 3784 lrabeat.
914 3759 949 3770 -·
971 3730 1007 3780 ael
1021 3747 1074 3780 aaa.
1098 3729 1147 3781 Sic

87 3817 172 3876 Laid.
194 3820 216 3872 1.
238 3816 296 3872 atr.
314 3846 348 3858 -
366 3816 421 3870 (iu.
440 3814 521 3870 Laid.
539 3819 565 3870 2.
585 3814 670 3872 Voss.
688 3815 724 3870 Α.
737 3815 770 3870 G.
788 3820 818 3868 ot
835 3814 908 3869 aad.
927 3811 1095 3868 rutenos:
1113 3811 1150 3864 ad

88 3921 154 3956 oum.
176 3930 211 3945 ·-
233 3907 388 3952 concertis-re
405 3899 541 3951 cideretm.
570 3897 618 3950 sio
637 3897 728 3952 codd.
752 3901 783 3949 ct
799 3897 873 3955 ΕΜ.
893 3899 964 3948 veti.
988 3925 1023 3938 ·-·
1045 3894 1148 3952 Rosius

89 3988 155 4044 sine
174 3984 235 4037 ulla
253 3983 442 4038 auctoritaie:
460 3989 634 4034 caracertiseet.

160 4067 186 4138 fi·
212 4071 238 4124 ².
273 4067 388 4124 liaberet.
421 4064 503 4123 Laid.
522 4069 553 4126 2:
581 4063 699 4122 iniciat.
722 4095 749 4108 ·-
777 4070 804 4119 itt
825 4068 947 4118 convicta.
974 4062 1051 4120 Meti·
1071 4065 1101 4120 l:
1123 4069 1150 4118 ttt

88 4155 240 4226 conjunctis.
