2816 4682
272 277 332 338 att
662 269 800 330 Cornelii
818 268 952 349 Nepotis

240 427 332 494 atiri¹
347 421 464 504 debet,
490 418 588 487 lilium
611 409 755 490 erudivit
798 421 872 486 Erat
894 429 1002 488 autern
1029 420 1061 488 in
1083 439 1187 508 puero
1211 433 1345 509 praeter

277 527 472 595 docilitatem
494 523 613 612 ingenii
634 543 758 590 summa
780 522 921 590 suavitas
943 521 1008 590 oris
1031 539 1070 589 ac
1091 523 1199 602 vocis,
1221 533 1344 590 utnon

276 627 381 696 solum
409 626 561 694 celeriter
585 625 764 713 acciperet,
792 643 876 711 qnae
906 621 1127 702 tradebantur,
1153 623 1217 690 scd
1246 625 1343 690 etiarn

277 729 476 799 excellenter
501 725 729 816 pronuntiaret.
772 725 843 803 Oua
869 745 974 792 exre
1002 725 1034 790 in
1061 725 1198 814 pueritia
1225 725 1341 793 nobilis

276 833 359 898 inter
370 829 525 918 aequales
548 827 711 897 ferebatur
722 827 904 916 clariusque
917 824 1220 913 exsplendescente,
1245 848 1341 914 quam

243 933 428 1022 lgenerosi
451 929 662 1018 condiscipuli
680 929 785 996 animo
804 947 911 1014 aequo
934 928 1020 996 lcrre
1042 937 1184 1015 possent
1227 928 1341 1017 ltaque

276 1032 429 1101 incitabat
454 1051 568 1098 omnes
597 1029 705 1097 studio
730 1049 808 1108 suo,
840 1049 906 1117 quo
933 1025 1126 1098 innumero
1153 1028 1283 1096 luerimt
1309 1033 1341 1095 L.

277 1137 465 1222 Torquatus,
488 1132 520 1197 C.
541 1132 656 1198 Marius
678 1131 770 1210 filius,
791 1131 828 1197 ll.
846 1131 976 1198 Cicero:
1000 1151 1082 1219 quos
1105 1131 1341 1200 consuetudine

275 1234 406 1302 suasio
428 1231 489 1300 sibi
512 1231 664 1313 devinxit,
692 1242 728 1298 ut
748 1251 845 1299 nemo
867 1233 905 1298 iis
927 1243 1087 1322 perpetuo
1109 1233 1206 1304 fuerit
1227 1236 1340 1300 carior.

242 1346 259 1401 1
363 1334 437 1424 Cap.
464 1333 497 1400 ll.
539 1333 635 1400 Pater
661 1345 785 1402 mature
814 1333 964 1402 decessit
1011 1334 1084 1422 lpse
1112 1333 1340 1402 adolescentu-

276 1435 326 1504 lus
353 1446 488 1524 propter
511 1433 703 1524 affinitatem
731 1437 764 1502 P.
786 1435 931 1524 Sulpicii,
964 1435 1020 1524 qui
1047 1432 1206 1502 Tribunus
1233 1437 1339 1525 plebis

276 1537 462 1604 interfectus
489 1547 552 1617 est,
580 1557 645 1604 nnn
672 1557 791 1624 expers
817 1537 874 1603 luit
902 1536 985 1604 illius
1006 1537 1150 1626 periculi.
1192 1538 1338 1628 Namque

277 1639 387 1707 Anicia
400 1638 567 1726 Pomponii
589 1637 784 1706 consobrina
806 1649 960 1727 nupserat
980 1641 1018 1706 ll.
1030 1639 1144 1706 Servio
1167 1639 1257 1705 fratri
1271 1640 1339 1706 Sul-

157 1825 163 1829 ,
243 1740 359 1830 apicii.
406 1741 519 1828 ltaque
545 1739 711 1807 interfecto
744 1739 886 1830 Sulpicio
921 1750 1137 1830 posteaquam
1163 1740 1244 1809 vidit
1271 1742 1340 1808 Cin-

276 1862 362 1910 nano
383 1840 518 1906 tumultu
532 1841 694 1908 civitatem
716 1862 791 1910 esse
812 1841 1031 1930 perturbatam
1053 1864 1164 1932 neque
1185 1841 1248 1910 sibi
1272 1842 1340 1910 dari

276 1942 460 2010 facultatem
481 1961 542 2029 pro
564 1940 717 2030 dignitate
738 1943 882 2026 vivendi,
909 1945 986 2036 quin
1007 1943 1193 2013 alterutram
1213 1956 1340 2034 partem

346 2191 373 2262 ὅ.
391 2195 418 2250 3·
454 2211 487 2246 ec
502 2200 579 2252 vods.
597 2195 645 2250 Sic
664 2195 717 2252 Gn.
735 2197 868 2258 lllcntlos,
885 2225 920 2240 -
939 2195 996 2252 (tit
1016 2202 1046 2252 et
1063 2198 1118 2254 Ms.
1130 2199 1221 2254 Acud.
1235 2199 1338 2254 Grec:

276 2287 353 2350 atquo
369 2283 445 2332 corb.
456 2323 458 2329 .
469 2305 505 2320 -
524 2276 622 2349 Loug.
642 2280 711 2334 lld.:
733 2288 760 2332 et
775 2288 854 2334 vods.
869 2311 905 2324 -
926 2282 1054 2334 celer-tter.
1077 2281 1210 2340 Mendes.
1229 2299 1289 2339 om.
1306 2314 1340 2326 -

277 2369 413 2432 coeperet
441 2361 490 2414 Sic
513 2362 567 2416 Gn.
592 2362 673 2415 Laid.
691 2367 717 2419 2.
738 2363 824 2416 Voss.
840 2364 875 2418 A.
895 2366 928 2418 C.
954 2370 984 2418 ct
1008 2381 1109 2419 omncs
1133 2373 1203 2421 ante
1228 2369 1338 2439 bamb,

276 2446 327 2515 qui
346 2451 476 2514 arripere!
492 2445 617 2514 scripsit.
636 2465 739 2516 -qua
756 2464 789 2497 ex
805 2465 845 2500 re.
865 2447 944 2502 [reid.
956 2451 988 2502 2:
1008 2467 1060 2519 qua
1075 2467 1115 2501 re.
1135 2479 1163 2490 -
1183 2458 1210 2502 r'n
1221 2461 1338 2522 pueritia

275 2528 369 2580 nobilis
391 2533 467 2582 inter·
494 2528 543 2581 Sic
563 2529 616 2582 Gn.
637 2529 845 2584 crementes.
870 2531 925 2584 Ed.
948 2547 993 2600 pr.
1011 2549 1035 2586 s.
1054 2547 1081 2588 a.
1100 2533 1136 2588 al
1161 2563 1194 2576 —
1221 2537 1276 2590 Ed.
1295 2554 1335 2606 pr.

275 2627 302 2664 a.
322 2613 389 2666 1470
406 2616 437 2663 et
452 2609 549 2682 Long.
568 2617 594 2662 r'n
611 2627 667 2664 om.
686 2643 720 2654 -
742 2614 834 2667 Meda
849 2620 965 2684 pueritia
981 2614 1218 2672 actitandae-
1243 2641 1337 2692 aequu-

275 2695 322 2746 les.
339 2693 421 2746 told.
434 2699 464 2750 2:
489 2696 613 2766 nequalia.
638 2725 672 2736 -
694 2715 770 2767 qurum
783 2703 918 2770 generosi.
948 2699 1033 2753 Voss.
1053 2701 1086 2756 0·
1114 2701 1166 2756 Ed.
1184 2719 1229 2772 pr.
1251 2721 1276 2758 s.
1294 2719 1336 2757 tt:

274 2778 345 2850 quod
357 2784 491 2850 generosi.

343 2859 371 2928 ἦ.
388 2863 414 2914 4.
450 2860 484 2914 0.
501 2860 706 2928 Martufilr'us.
742 2863 791 2916 Sic
810 2862 864 2918 Gn.
884 2864 941 2918 eit
966 2866 1098 2922 Mendes.
1122 2868 1176 2922 tta.
1195 2886 1241 2940 pr.
1262 2875 1335 2928 147⁰.

273 2971 309 2988 ι·-
325 2943 406 2996 totu.
425 2947 458 2998 tr
477 2945 510 2997 0.
530 2946 610 2997 Silus.
626 2973 661 2988 -
683 2946 768 3000 Voss.
787 2947 824 3001 A.
843 2947 896 3001 Ed.
917 2949 1025 3022 Long.:
1048 2952 1081 3002 0.
1099 2952 1287 3020 Murttfiltur.
1304 2986 1337 2996 -

273 3027 359 3080 Voss.
379 3027 416 3080 C:
442 3028 473 3080 0.
495 3029 603 3079 Marius
628 3029 653 3080 0
675 3028 756 3094 filius
778 3030 816 3081 R.
838 3059 873 3071 -
906 3033 958 3086 Ed.
985 3034 1098 3088 bumba
1122 3035 1155 3088 0.
1177 3037 1288 3088 Mor-luc
1305 3039 1336 3090 C.
1385 3051 1386 3066 ¹

264 3109 354 3175 filtro.
371 3139 406 3151 -
422 3109 495 3162 Edu.
514 3111 568 3164 ab:
588 3113 620 3164 0.
634 3113 810 3178 Martfiltus.
827 3143 862 3156 -
878 3122 917 3168 stc
932 3117 990 3172 ortt
1009 3117 1062 3172 Gn.
1082 3119 1139 3172 (tit
1159 3118 1209 3171 stdr'
1226 3136 1283 3173 cnr.
1302 3151 1335 3163 -

166 3209 170 3216 ’
266 3201 404 3328 pppeppu.
434 3193 488 3246 (ln.
509 3193 593 3249 Voss.
610 3197 647 3250 A.
666 3195 704 3250 G:
722 3205 863 3268 perpetua.
883 3230 918 3244 -
939 3206 982 3258 tn.
1010 3201 1064 3258 Ed.
1089 3219 1133 3274 pr.
1152 3206 1229 3262 tato.
1252 3204 1334 3260 Brix.

273 3289 291 3326 a
305 3290 328 3328 .:
373 3281 401 3334 ἐ.

734 3363 806 3434 Cap.
832 3365 871 3422 11.

344 3437 370 3508 ᾗ.
391 3444 416 3495 1.
451 3445 555 3496 Anteia.
577 3444 654 3498 mou.
674 3446 725 3500 Ed.
743 3464 787 3516 pr.
805 3466 828 3507 ε..
848 3467 875 3506 a.
894 3452 948 3506 al.:
965 3454 1057 3510 Antra.
1070 3484 1103 3498 -
1120 3455 1208 3512 Voss.
1223 3457 1260 3512 G:
1278 3459 1334 3510 Ακ-

272 3531 322 3580 tea.
340 3554 375 3566 —
392 3526 434 3578 M.
455 3529 558 3582 serato.
588 3529 637 3582 Sic
657 3529 710 3584 Gn.
729 3531 811 3586 teto.
828 3536 854 3587 2.
873 3535 959 3590 Voss.
977 3537 1013 3588 Α.
1033 3537 1066 3592 c.
1090 3538 1144 3591 Ed.
1167 3555 1212 3607 pr.
1236 3548 1331 3610 utraq.

271 3636 305 3647 -
323 3607 404 3662 trid.
425 3611 454 3663 l:
472 3609 513 3664 Μ.
533 3612 654 3665 Seruilio.
676 3642 712 3653 -
736 3613 790 3667 ltu.
810 3615 909 3672 bamb.
928 3620 1053 3674 Schultz
1072 3622 1114 3674 M.
1133 3625 1227 3676 Ser-rto
1247 3627 1333 3695 Sulpi·

270 3697 319 3742 er'o.
340 3719 375 3735 ·-
389 3689 482 3758 fratri
503 3695 621 3764 Sulpr'cr'l.
652 3693 701 3748 Sic
725 3696 778 3752 Gn.
803 3698 883 3755 bold.
904 3707 927 3759 1.
946 3706 973 3757 2.
994 3701 1079 3757 Voss.
1096 3704 1131 3755 A.
1152 3706 1184 3760 C.
1209 3707 1265 3760 Ed.
1290 3725 1330 3776 pr.

270 3779 366 3844 utruq.
384 3804 419 3818 -
434 3775 534 3831 Lamb.
555 3777 682 3834 Schera:
693 3777 785 3848 srutrt
800 3783 836 3836 P.
847 3785 966 3854 Sulptctt
982 3815 1016 3828 -
1034 3787 1088 3840 ud.
1107 3787 1191 3844 Bos:
1211 3791 1256 3842 M.
1270 3794 1332 3843 Ser-

268 3863 321 3920 vio,
331 3855 423 3924 sratrr'
440 3861 475 3912 P.
494 3863 613 3930 Sulpicii.

337 3939 363 4008 §-
380 3945 405 3997 2.
441 3941 581 4011 interserto
601 3946 723 4016 Subicio.
758 3947 806 4002 Sic
826 3949 878 4004 Gu.
903 3955 933 4006 ct
953 3968 1054 4007 omncs
1080 3960 1148 4012 unte
1172 3955 1274 4010 bamb.
1297 3985 1331 3997 -

267 4020 366 4076 Lamb.
384 4025 494 4080 schott.
514 4023 581 4079 Bos.
599 4025 653 4080 ab:
672 4030 811 4098 interserto
827 4033 862 4084 P.
878 4035 1002 4106 Subicio.
1019 4065 1054 4079 -
1070 4057 1127 4092 esse
1138 4040 1329 4108 perturbarem.

266 4101 351 4158 Voss.
372 4106 404 4172 (J.
429 4129 486 4162 ecre
509 4125 567 4165 cm.
590 4140 622 4154 -
646 4112 714 4164 dart.
741 4113 827 4170 Voss.
847 4115 884 4170 G:
909 4119 1017 4172 almum.
1040 4150 1073 4162 -
1096 4129 1166 4193 quta.
1199 4122 1281 4178 Leid.
1297 4126 1328 4176 2:
