2818 4704
295 251 352 316 l't'd
679 247 816 306 cornelii
834 246 967 326 Nepotis

293 403 341 470 lta
364 409 501 490 atraque
527 419 620 466 suum
647 397 808 468 retinebat
832 396 988 466 ordinum.
1028 398 1170 466 Primum
1195 399 1281 468 ratio
1304 400 1359 469 be

292 502 432 572 bebatur
453 503 507 592 qui
528 503 685 568 maximus
706 511 782 567 natu
803 511 893 568 esset
914 522 957 568 ex
980 501 1092 570 liberis
1114 503 1199 590 ejus,
1228 504 1287 592 qni
1309 527 1359 570 re-

293 627 395 698 gnans
417 603 622 672 decessisset
664 603 720 669 Sin
742 604 769 670 is
790 602 914 670 virilem
935 625 1051 671 sexum
1076 625 1141 671 non
1162 606 1359 695 reliquisset

260 714 362 777 itum
383 707 587 797 deligebatur
608 707 662 796 qui
688 706 853 794 proximus
876 717 966 772 esset
985 707 1233 795 propinquitate.
1278 709 1360 773 blor-

293 823 367 880 tuus
389 820 458 878 erat
478 809 553 898 Agis
574 830 632 876 rex
656 807 754 875 trater
774 807 926 897 Agesilai:
953 807 1052 874 tilium
1077 808 1258 896 reliquerat
1278 809 1359 876 Leo-

292 912 467 1008 tychidem,
490 930 588 1001 quem
605 909 657 978 ille
673 923 782 978 uatum
798 931 861 977 non
878 926 1019 998 agnorat
1040 909 1192 977 eumdem
1215 913 1356 979 moriens

165 1053 182 1072 ··
293 1039 387 1086 suum
415 1035 491 1082 esse
519 1013 650 1080 dixerat.
696 1013 726 1078 ls
754 1010 798 1080 de
825 1011 949 1079 honore
980 1013 1070 1101 regni
1103 1034 1179 1080 oum
1205 1015 1355 1102 Agesilao

291 1129 407 1209 patruo
430 1135 498 1194 suo,
521 1111 685 1181 contendit
705 1135 814 1202 noque
836 1113 883 1191 id,
905 1113 994 1202 quod
1016 1115 1138 1202 petivit,
1159 1129 1354 1184 consecutus

259 1229 352 1288 sest
400 1219 479 1285 Nam
506 1215 674 1308 Lysandro
701 1214 897 1304 suffragante
924 1214 1067 1295 homine,
1093 1225 1129 1281 ut
1155 1219 1354 1286 ostendimus

293 1341 400 1411 supra,
421 1319 555 1387 tautiosu
577 1329 611 1386 et
637 1319 675 1385 iis
696 1318 896 1407 temporibus
922 1329 1055 1406 potente
1076 1319 1248 1408 Agesilaus
1273 1333 1356 1388 ante-

292 1424 375 1492 latus
398 1433 455 1491 est

261 1535 277 1591 1
381 1525 457 1616 Cap.
476 1525 511 1592 Il.
557 1524 616 1592 Hic
643 1523 736 1592 simul
764 1534 861 1614 atque
887 1523 1013 1613 imperii
1041 1523 1160 1613 potitus
1192 1535 1259 1605 est,
1287 1549 1356 1614 per-

294 1629 396 1700 suasit
425 1625 708 1706 Lacedaemoniis,
738 1638 773 1693 ut
794 1627 955 1694 exercitus
984 1627 1165 1695 emitterent
1189 1629 1225 1694 in
1251 1631 1354 1696 Asiam

294 1731 481 1821 bellumque
492 1729 571 1820 Regi
592 1730 744 1811 tacerent
765 1728 889 1798 doeens
909 1728 1010 1796 satius
1025 1750 1101 1800 esse
1122 1731 1243 1800 inAsia
1262 1753 1353 1824 quarn

297 1909 500 1928 m

295 2025 344 2073 tur.
371 2015 420 2071 ste
439 2015 492 2071 en.
511 2017 567 2071 Ax.
586 2015 668 2071 totu.
682 2019 708 2072 2.
725 2015 810 2071 Voss.
829 2017 865 2070 Δ.
888 2015 942 2071 Ed.
965 2017 1034 2072 Por.
1053 2021 1078 2075 l.
1101 2019 1198 2093 Loug.
1218 2019 1300 2078 Uter.
1320 2051 1350 2064 -

292 2101 378 2158 Voss.
395 2101 435 2156 B:
458 2102 626 2176 diligebam.
646 2131 680 2145 -
702 2101 817 2156 Lamo:
840 2111 892 2156 tm
913 2101 1087 2174 dttegebutm
1108 2135 1143 2146 —
1171 2107 1228 2159 Ed.
1255 2106 1349 2161 Boeel.

291 2187 376 2244 Boe:
396 2195 454 2242 turre
469 2187 624 2262 eligebatur.

361 2271 387 2344 β.
405 2275 431 2330 A.
467 2274 548 2344 Agis.
579 2270 656 2326 Dan.
676 2270 912 2344 Gu.:11ogts.-
927 2272 1121 2344 Leotychidem.
1138 2274 1187 2328 Sio
1205 2275 1286 2330 Dan.
1305 2276 1350 2330 Ga.
1396 2309 1397 2312 =

234 2343 238 2354 ’
292 2356 347 2414 ild.
363 2357 438 2412 Ultr.
457 2355 556 2411 Lumb.
576 2387 609 2397 -
626 2358 699 2410 Ax.:
717 2355 909 2409 leotltchtden.
926 2387 960 2398 —
977 2356 1063 2411 Voss.
1076 2359 1112 2412 A.
1131 2359 1253 2415 belm:
1274 2363 1351 2412 Leos-

291 2440 425 2515 tyctttdem.
447 2469 483 2482 -
508 2438 592 2493 Ald.:
619 2439 818 2512 Leoutpclttdeu.
841 2469 876 2497 τ·-
901 2439 975 2494 Edd.
999 2447 1081 2496 setta
1108 2441 1303 2520 Leutqcbidem.
1322 2471 1351 2483 -

200 2543 203 2558 ¹
291 2533 387 2578 eremo.
421 2523 469 2578 Sle
495 2523 571 2579 nan.
594 2524 647 2578 Gn.
670 2524 751 2578 Leid.
774 2527 799 2580 l.
817 2529 845 2579 2.
876 2524 976 2579 Ruecl.
998 2527 1055 2580 Ax.
1080 2526 1165 2580 Voss.
1184 2527 1222 2580 A.
1240 2526 1279 2582 B.
1303 2525 1350 2581 lid.

292 2609 368 2664 vlo.
392 2607 490 2682 Loug.
512 2637 547 2650 -
570 2609 624 2664 its.
648 2614 678 2664 ct
700 2610 754 2664 Ed.
778 2609 873 2681 stage
896 2616 988 2663 utem.
1010 2641 1045 2654 --
1067 2611 1121 2664 Ed.
1145 2613 1214 2665 Ald.
1238 2612 1350 2666 Isumbo

291 2701 371 2750 otrus.
388 2721 423 2736 -
445 2694 567 2748 dtaeerot..
581 2693 680 2746 Boool.
697 2694 754 2748 Ax.
773 2693 858 2750 Voss.
878 2694 915 2747 B:
938 2694 1057 2751 duxerat.
1074 2723 1108 2738 -·
1124 2698 1269 2768 Agesilao.
1288 2697 1350 2748 Gn:

292 2779 450 2852 Itogestluo.
467 2809 501 2822 —
516 2785 616 2850 patruo
632 2797 687 2830 suo.
716 2777 765 2829 Sic
784 2777 837 2830 (iu.
855 2778 912 2832 Ax.
930 2808 966 2820 -
986 2778 1101 2852 Vulgo:
1125 2799 1171 2832 suo
1187 2789 1301 2852 patruo.
1320 2809 1350 2824 ι-

289 2871 437 2916 consecutus
454 2873 500 2918 est.
519 2863 603 2918 Voss·
623 2864 656 2917 A.
674 2869 714 2914 est
731 2877 787 2914 om.

359 2947 386 3019 β.
404 2953 430 3006 5.
465 2950 635 3021 suffragante
657 2946 766 2999 domiue.
800 2949 874 3002 Ax:
895 2946 997 3000 dundee
1017 2948 1194 3022 suffloguete.
1212 2980 1245 2991 -
1270 2951 1347 3002 Voss.

290 3031 330 3087 B:
347 3033 447 3087 domine
463 3033 635 3106 suffragante
650 3032 759 3085 domiue.
772 3062 804 3074 -
815 3031 856 3084 bis
873 3031 1037 3103 temporibus.
1056 3032 1182 3088 Vossm.
1201 3034 1347 3090 numu:

290 3125 333 3172 tie
353 3118 516 3194 temporibus.

531 3240 537 3256 .
758 3201 828 3270 Cep.
847 3199 886 3255 11.

360 3285 385 3357 fl·
405 3289 427 3342 l.
463 3285 635 3359 simulatqm
660 3285 709 3340 Sic
728 3285 781 3340 Gu.
800 3289 856 3340 Ax.
874 3283 929 3340 Ed.
946 3281 1022 3340 Uitr.
1040 3283 1141 3342 Lamb.
1158 3315 1193 3327 —
1215 3285 1271 3340 Ed.
1289 3285 1347 3341 Ald.

290 3369 387 3442 long.
407 3370 460 3424 ab:
477 3372 636 3426 simulne-
652 3377 763 3444 irruperit.
780 3372 828 3425 Sic
846 3371 923 3425 Dan.
943 3369 995 3426 Gn.
1015 3371 1068 3424 Ed.
1080 3369 1155 3426 Uitr.
1169 3371 1236 3424 Ain.
1253 3371 1345 3426 lsamlt.

290 3486 325 3500 -
347 3455 443 3510 Bocel.
460 3453 518 3509 Ax.
543 3455 596 3508 Ed.
616 3454 726 3528 Longa
748 3462 865 3526 imperio.
889 3486 922 3496 -
942 3463 1079 3508 exercitus.
1111 3455 1348 3511 Sisennam.

290 3539 346 3596 Ax.
365 3539 448 3594 Voss.
461 3535 495 3592 B.
514 3538 568 3592 Ed.
579 3537 655 3594 Ultr.
670 3569 704 3582 —
721 3539 836 3612 Vulgo:
855 3548 1002 3602 exercitum.
1018 3570 1052 3582 —
1069 3541 1195 3592 dimicari.
1216 3541 1267 3594 sie
1277 3541 1347 3596 Dan.

294 3625 348 3682 Gn.
377 3623 475 3680 Boecl.
502 3625 558 3677 Ax.
584 3621 669 3678 Voss.
687 3624 724 3679 A.
742 3623 776 3678 B.
803 3622 885 3677 Leid.
904 3627 931 3680 2.
961 3621 1014 3678 Ed.
1032 3623 1109 3678 Ultr.
1137 3656 1172 3667 -
1202 3625 1256 3679 Ed.
1286 3627 1346 3681 Ald.

292 3711 386 3786 song.
408 3709 488 3782 Mag.
513 3707 613 3763 Lomb.
638 3708 692 3762 al.:
716 3708 848 3762 dimicare.
867 3705 1000 3776 -sumo
1016 3717 1126 3762 emmas.
1147 3709 1283 3764 blondus.
1302 3709 1348 3762 Ed.

291 3795 380 3852 Ultra:
401 3793 484 3864 soma
505 3801 570 3846 erat
594 3824 628 3835 -
650 3793 732 3846 Ald.:
753 3789 861 3860 fumum
881 3800 962 3844 exire.
987 3821 1020 3834 —
1051 3793 1148 3844 classes
1166 3795 1347 3866 pedestresque
1391 3839 1392 3844 ,

292 3887 428 3933 exercitus.
445 3879 494 3934 Sic
511 3877 587 3932 Dan.
608 3877 662 3932 tto.
680 3878 736 3930 Ax.
754 3877 807 3930 Ed.
827 3875 902 3930 Ultr.
921 3908 953 3919 -
972 3875 1085 3928 Bocel.:
1103 3875 1195 3929 classis
1206 3879 1348 3948 pedestris·

292 3982 341 4036 que
358 3982 442 4015 exero.
459 3994 493 4004 -
512 3963 595 4016 Voss.
615 3962 655 4014 A:
673 3963 766 4014 classis
779 3963 964 4033 pedestresque
980 3981 1066 4012 exerc.
1084 3992 1117 4002 -
1136 3961 1216 4014 Leid.
1236 3966 1267 4016 2:
1286 3963 1347 4014 ctus-

292 4065 345 4097 sem
363 4047 544 4118 pedestrisque
565 4066 649 4102 exerc.
672 4076 706 4088 -
734 4045 847 4100 bamb:
869 4047 978 4097 classem
991 4045 1189 4118 pedestreisque
1211 4065 1297 4102 exerc.
1318 4071 1347 4086 -·
1390 4071 1391 4080 ¹

295 4128 370 4184 cut.
389 4129 461 4184 Edu.
480 4138 548 4186 unte
566 4130 650 4186 Bos:
668 4131 776 4185 classem
787 4129 974 4202 pedestresque
991 4149 1076 4183 exerc.
1390 4083 1391 4163 l
