2816 4682
292 287 350 350 ΏΒ
391 221 428 346 *¹
678 275 817 340 Cornelii
836 275 969 356 Nepotis
1015 289 1018 294 “

120 411 127 438 ³
185 417 194 429 ’
259 443 276 498 ι
381 435 457 523 Cap.
477 431 537 499 Vll.
579 430 660 498 Cum
685 432 719 497 in
737 427 932 518 'apparando
960 429 1119 496 acerrime
1147 439 1237 498 esset
1259 449 1365 497 nocu-

193 532 276 626 ξιξ.
293 549 400 628 patus,
428 535 705 623 Carthaginienses
732 531 852 600 bellum
881 551 954 598 oum
983 532 1133 598 Romanis
1160 552 1365 620 eontposue-

294 653 373 709 runt
415 637 472 704 llle
498 637 596 704 nihilo
621 637 729 704 secius
753 633 905 701 exercitui
929 645 1045 722 postea
1071 633 1209 722 praefuit
1237 655 1365 722 resque

293 745 326 811 in
352 741 456 810 Alriea
489 740 591 830 gessit
620 741 763 826 itemque
789 737 902 824 Mago,
931 735 1030 806 frater
1058 737 1148 824 ejus,
1178 757 1283 825 usque
1309 739 1361 804 ad

259 845 441 914 2Publium
474 843 650 931 Sulpicium
683 851 719 908 et
749 840 860 928 Cajum
888 838 1049 904 Aurelium
1082 839 1249 906 Consules
1298 840 1360 908 llis

293 949 380 1016 enim
406 944 644 1034 magistratibus
670 942 768 1030 legati
790 939 1066 1027 Carthaginienses
1094 941 1231 1008 Romam
1259 961 1363 1009 vene·

292 1060 383 1126 runt,
416 1048 479 1135 qui.
502 1045 627 1112 senatui
658 1043 847 1132 populoque
879 1043 1024 1110 Romano
1055 1043 1176 1131 gratias
1207 1057 1360 1132 agerent,

292 1149 479 1240 quodcum
506 1148 545 1214 iis
571 1167 690 1236 paoem
710 1145 877 1223 iecissent,
904 1143 948 1210 ob
971 1162 1110 1234 eamque
1138 1166 1211 1212 rem
1234 1166 1357 1214 corona

276 1272 393 1320 ‘aurea
414 1272 473 1318 eos
495 1249 653 1317 donarent
667 1247 827 1337 simulque
849 1257 1005 1336 peterent
1025 1257 1061 1312 ut
1083 1246 1219 1316 obsides
1242 1269 1356 1316 eorum

259 1351 446 1442 oFregellis
469 1363 580 1423 essent
601 1352 794 1440 capitinique
814 1349 1037 1418 redderentur.
1079 1349 1134 1416 llis
1158 1371 1200 1417 ex
1224 1363 1355 1420 senatus

293 1456 439 1526 consulto
460 1459 659 1543 responsum
671 1465 735 1521 est:
757 1454 869 1520 hluuus
886 1468 1000 1522 eorum
1021 1462 1145 1540 gratmn
1167 1466 1354 1542 acceptum

292 1579 359 1650 que
386 1578 480 1637 esse,
512 1556 646 1625 obsides
669 1575 734 1644 quo
760 1554 835 1622 loeo
860 1565 1012 1642 rogarent
1032 1554 1175 1633 futuros,
1207 1559 1349 1646 captivos

292 1683 358 1730 non
383 1661 592 1738 remissurus
624 1648 1083 1748 quod‚ttanniba1em‚'eujns
1110 1679 1215 1746 opera
1242 1681 1351 1727 susee-

292 1775 382 1854 ptum
403 1761 526 1830 bellum
545 1761 642 1841 foret,
662 1759 912 1828 inimicissimum
934 1754 1052 1828 nomini
1074 1760 1235 1842 Romano,
1259 1765 1353 1830 etiam

292 1886 378 1934 nuno
400 1885 474 1932 eum
495 1862 631 1950 imperio
648 1862 735 1951 apud
748 1863 925 1930 exereitum
946 1861 1105 1929 haberent
1125 1864 1270 1953 itemque
1292 1865 1355 1933 lra-

259 1977 375 2035 ttrem
398 1966 469 2054 ejus
490 1966 666 2052 Magonem.
709 1963 778 2032 Hoc
805 1985 965 2053 responso
988 1963 1263 2054 Carthaginienses
1294 1989 1353 2035 co-

192 2071 275 2165 chgq
293 2068 380 2157 guito
402 2067 612 2134 Hannibalem
638 2067 770 2133 domum
794 2078 827 2135 et
847 2069 1014 2156 Magonem
1037 2079 1237 2136 revocarunt.
1279 2070 1353 2137 lluo

192 2175 275 2268 3¹52·
293 2182 329 2238 ut
348 2169 455 2252 rediit,
480 2180 612 2260 praetor
637 2170 740 2238 laetus
768 2180 831 2248 est,
855 2181 1028 2262 postquam
1051 2190 1111 2238 rex
1137 2171 1242 2238 luerat
1270 2193 1353 2239 anno

293 2272 437 2344 seeundo
460 2283 493 2340 et
514 2271 678 2360 vigesimo.
721 2269 761 2368 Ut
783 2271 867 2340 enim
881 2271 1003 2340 Romae
1025 2271 1190 2353 Consules,
1213 2276 1262 2342 sie
1277 2268 1353 2343 ‘Car-

258 2377 421 2465 athegina
448 2373 616 2463 quotannis
648 2375 743 2442 annui
774 2373 840 2442 bini
867 2395 965 2462 reges
997 2375 1197 2444 emebantur.
1249 2382 1286 2446 ln
1314 2402 1350 2448 eo

291 2479 477 2567 magistratu
498 2477 568 2564 pari
589 2475 751 2566 diligentia
779 2483 828 2544 se‘
839 2477 994 2549 Hannibal
1015 2478 1164 2566 praebuit
1185 2502 1228 2548 ao
1251 2483 1348 2549 suerat

275 2582 324 2646 .in
345 2577 442 2645 bello.
484 2579 630 2666 Namque
658 2577 767 2646 elleeit
794 2600 836 2648 ex
864 2579 956 2646 novis
977 2581 1188 2670 vectigalibus
1212 2606 1281 2652 non
1302 2605 1348 2652 so-

292 2733 375 2788 held.
392 2737 420 2788 2.
442 2731 528 2788 Voss.
546 2733 583 2786 Δ.
602 2729 637 2787 Β.
656 2732 690 2788 C.
714 2733 768 2786 tta.
787 2731 862 2788 Uitr.
887 2737 918 2790 et
933 2739 1002 2790 οοιι.
1021 2765 1055 2780 -
1077 2734 1175 2791 Lamh.
1193 2739 1292 2810 nonj.:
1315 2741 1352 2793 dn·-

293 2816 427 2874 araba·

526 2939 529 2944 -
733 2902 805 2972 (lap.
829 2901 899 2957 vu.
1061 2932 1070 2944 ·

359 2986 385 3056 ξ.
406 2989 430 3042 l.
466 2991 575 3058 idemque
595 2984 685 3058 Mago
702 2985 798 3054 frater
819 2990 885 3058 ejula.
920 2987 969 3040 Sle
986 3001 1086 3044 omnes
1103 2991 1188 3046 codd„
1208 2997 1238 3047 el
1257 2992 1352 3066 Ἠὼς
1392 3017 1393 3021 ’

291 3067 397 3125 &sinn
417 3071 515 3123 tamen
537 3069 610 3124 haee
632 3070 724 3125 verha
745 3077 779 3125 ut
800 3071 900 3140 spuria
922 3073 1006 3127 urreis
1025 3073 1127 3134 inelus.
1149 3104 1185 3118 -
1209 3095 1288 3148 usqne
1305 3080 1352 3130 ad.
1391 3101 1392 3134 ι

290 3155 376 3209 Voss:
395 3154 428 3209 G.
451 3155 488 3206 ad
509 3169 566 3208 om.
588 3183 624 3197 -
645 3162 672 3206 at
690 3157 722 3208 0.
739 3157 884 3210 Amedine
913 3156 963 3231 Sia
984 3157 1042 3213 Ax.
1065 3158 1119 3214 Ed.
1138 3159 1215 3216 Ultr.
1235 3190 1270 3202 -
1292 3161 1351 3214 Gn.
1390 3221 1391 3224 Ἴ

290 3239 372 3293 held.
388 3243 414 3294 ι.
433 3237 488 3292 Ed.
506 3255 549 3309 pr.
566 3239 632 3294 Ate
649 3238 749 3294 Lamh.
761 3240 804 3307 al,
822 3249 848 3292 et
865 3255 922 3293 om.
1390 3225 1391 3253 ¹

196 3325 198 3333 “
359 3320 385 3391 §-
401 3327 427 3378 ι.
462 3331 628 3395 quaeratur.
662 3324 748 3379 Voss.
767 3321 801 3378 B.
819 3329 935 3394 qutun.
954 3353 989 3371 -
1005 3345 1061 3380 ean
1077 3333 1118 3382 tie.
1135 3327 1184 3382 Sie
1202 3327 1289 3384 Voss.
1308 3329 1344 3383 A.

290 3405 326 3462 B.
345 3407 378 3462 C·
397 3437 430 3448 -
447 3408 559 3480 Vulgo:
577 3427 633 3460 enm
648 3408 699 3463 hta.
715 3437 750 3454 *-
766 3407 908 3478 Fregellas.
928 3407 1012 3464 Voss.
1030 3412 1071 3465 A:
1088 3411 1230 3486 flagellis.

296 3537 301 3546 .
359 3491 427 3562 Μ
464 3498 614 3544 eamr.
633 3491 682 3544 sin
701 3489 753 3544 Gn.
775 3490 855 3545 Letd.
874 3495 901 3548 ἣ.
917 3521 952 3536 -··
968 3494 1023 3550 Ed.
1041 3494 1132 3550 Ultra
1151 3503 1298 3550 etim
1316 3526 1351 3540 -·

290 3575 380 3631 Eddt
398 3584 424 3631 et
439 3592 512 3628 nane.
1387 3569 1388 3603 ¹

352 3661 384 3734 ξ.
402 3665 429 3718 4.
464 3667 491 3713 οι
506 3660 659 3732 Magonem
693 3659 743 3714 Sie
761 3659 818 3718 Gn.
833 3659 930 3718 Boeel.
954 3663 1012 3720 Ax.
1030 3661 1116 3719 Voss.
1134 3663 1169 3718 B.
1195 3665 1250 3720 lld.
1271 3665 1349 3721 Ultr.
1386 3689 1387 3719 ι

287 3775 323 3788 -
339 3747 454 3820 Vulgot
472 3745 674 3818 Magonemque.
685 3774 719 3788 -
736 3745 796 3796 Huc
813 3755 841 3798 ιιι
856 3747 943 3806 rediit,
960 3747 1010 3802 Sia
1028 3749 1081 3804 Gn.
1100 3748 1181 3803 Laid·
1202 3755 1226 3807 l.
1245 3755 1272 3808 2·
1289 3753 1348 3805 Ax.
1385 3769 1386 3835 q

207 3852 210 3860 ¹
288 3831 373 3886 Voss.
392 3831 428 3885 A.
448 3831 481 3886 G.
511 3830 565 3884 Ed.
583 3829 660 3883 ultr.
687 3855 722 3872 ·-
750 3829 848 3885 Boeel.
871 3830 957 3888 Voss.
980 3833 1021 3886 B:
1050 3835 1182 3888 rreum
1202 3837 1292 3890 rediit
1316 3867 1351 3878 -

286 3913 402 3988 Vulgo:
431 3915 485 3967 Hie
506 3924 534 3967 ιιι
555 3913 642 3970 redite
669 3943 703 3956 -
730 3932 787 3969 ree.
820 3913 904 3969 Voss.
924 3915 961 3971 C:
977 3915 1081 3985 saetae.
1110 3947 1145 3962 ·-·
1173 3928 1259 3974 mul.
1288 3921 1345 3976 Ed.
1384 3917 1385 3951 l

286 3997 363 4054 Ultr.
383 4015 438 4054 οιιι.

333 4083 382 4152 a.
403 4087 430 4140 s.
464 4089 642 4154 ammam.
677 4081 726 4136 su
749 4081 804 4138 eu.
832 4083 913 4140 neta.
933 4087 959 4142 1.
987 4087 1044 4139 nx.
1070 4086 1155 4144 vois.
1174 4085 1208 4142 n.
1227 4089 1262 4146 e.
1292 4090 1347 4144 ua.
1382 4077 1383 4080 ‘

286 4162 363 4220 Ultr.
381 4193 415 4208 -
431 4165 513 4222 hald.
530 4170 557 4222 ὓ.
577 4166 664 4222 Vnae.
680 4168 716 4221 Δ.
735 4166 806 4222 Edd.
824 4174 909 4226 vett:
921 4180 1073 4242 premetur.
