2816 4702
279 289 337 354 m
412 273 415 280 ’
661 283 799 344 Cornelii
816 281 951 362 Nepotis

276 433 429 527 tyrannis.
471 429 538 500 Sed
560 429 603 500 de
625 431 690 501 boc
711 433 743 502 in
760 453 802 502 eo
824 453 901 501 meo
921 430 1005 500 libre
1027 429 1121 520 plora
1140 439 1218 500 sunt
1238 451 1340 520 expo-
1396 491 1397 546 q

242 537 346 615 usito,
368 532 487 622 quide
509 534 668 603 historicis
684 535 821 607 Graecis
842 536 1045 624 conscriptus
1066 543 1125 602 est
1168 532 1262 601 Pleto
1285 553 1340 600 eu-

276 645 486 706 tentanum
507 637 595 726 apud
616 638 805 730 Dionysium
826 637 1015 705 auctoritate
1045 635 1150 724 putuit
1171 635 1341 724 ualuitque
1396 677 1397 682 κ

277 739 471 828 eloquentia,
492 750 527 806 ut
544 740 574 808 ei
589 741 788 829 persuaserit
802 737 980 830 tyrannidis
994 736 1105 806 lacere
1120 734 1221 804 furem
1243 735 1341 803 liber·

274 851 442 930 talemque
461 840 605 910 reddere
626 841 847 933 Syracusanis.
888 844 915 908 A
940 859 1008 930 qua
1033 837 1197 906 uoluntate
1218 837 1341 906 Philisti

277 940 412 1012 consilio
435 939 606 1010 deterritus
627 945 788 1034 aliquanto
810 942 974 1012 crudelior
994 961 1070 1010 esse
1093 941 1212 1030 eoepit

244 1056 260 1112 1
366 1041 440 1130 Cap.
461 1044 507 1110 lV.
549 1046 611 1124 Qui
633 1045 765 1135 quidem
792 1064 866 1113 eum
894 1045 1038 1112 allions
1065 1063 1103 1112 se
1124 1044 1277 1131 superari
1296 1043 1341 1112 ri-

175 1146 262 1241 fflgj
279 1144 373 1212 deret
393 1143 535 1232 ingenio,
562 1148 766 1227 auctoritate,
792 1167 903 1215 amore
925 1145 1045 1236 populi,
1065 1165 1198 1223 verens,
1224 1163 1287 1225 ne,
1315 1145 1340 1212 si
1397 1154 1398 1238 l

279 1267 355 1314 eum
376 1263 490 1314 eccum
518 1247 668 1328 baberet,
692 1248 832 1338 aliquem
858 1249 1065 1318 occasionem
1092 1247 1144 1314 eui
1163 1245 1262 1317 daret
1284 1267 1341 1336 op·

220 1409 226 1426 ,
278 1343 446 1438 primendi‚
467 1367 583 1416 navem
601 1349 632 1416 ci
653 1350 818 1420 triremem
839 1349 937 1428 dedit
958 1348 1218 1439 quaCorintlrnm
1241 1347 1341 1418 dere-
1397 1355 1398 1372 ³

277 1447 420 1528 limetur,
440 1449 616 1520 ostendens
631 1471 669 1518 se
687 1451 720 1520 id
741 1454 909 1542 tortusque
931 1452 1042 1520 lacere
1063 1471 1170 1529 caesa,
1191 1471 1245 1532 ne,
1267 1471 1340 1520 cnm
1397 1439 1398 1446 '

243 1551 362 1626 nister
387 1571 426 1620 se
458 1552 616 1632 timerent,
648 1553 802 1622 alteruter
828 1554 963 1621 alterum
989 1564 1258 1642 praeoccuparet
1305 1553 1341 1622 ld

278 1673 354 1726 cum
374 1654 494 1724 lactum
515 1655 604 1724 multi
624 1655 864 1744 indignarentur
876 1674 1079 1744 magnaeque
1095 1665 1186 1722 esset
1199 1655 1340 1740 inuidiae

277 1767 429 1848 tyranno,
457 1756 629 1848 Dionysius
658 1758 766 1824 omnia
793 1775 878 1845 quae
904 1756 1041 1826 moueri·
1054 1765 1205 1845 poterant
1229 1759 1340 1826 Dion'n

277 1879 311 1928 m
332 1858 422 1926 nevis
443 1857 578 1944 imponit
604 1857 648 1924 ad
675 1879 817 1946 eumqee
844 1859 936 1926 misit
983 1857 1039 1928 Sic
1060 1859 1145 1926 enim
1167 1858 1341 1926 existimari

277 1957 418 2058 volebat,
431 1957 463 2024 id
486 1977 524 2026 se
545 1979 609 2026 non
630 1958 707 2029 odio
730 1959 877 2039 hominis,
903 1959 964 2029 sed
986 1979 1065 2028 suae
1087 1959 1199 2028 salutis
1220 1961 1341 2032 secisse

245 2079 388 2138 ecausa.
430 2059 548 2126 Postea
569 2081 648 2130 vero
677 2081 775 2150 quam
790 2060 922 2136 ,audivit
947 2083 1023 2130 eum
1050 2062 1083 2130 in
1109 2062 1339 2152 Peloponneso

278 2181 409 2230 manum
431 2158 620 2254 comparare
641 2161 769 2256 sibique
797 2161 917 2230 bellum
938 2161 1341 2250 teneraemondani,

278 2263 389 2350 Dionis
410 2286 553 2344 uxorem,
574 2264 627 2331 alii
647 2277 780 2352 nuptum
800 2263 890 2336 dedit
909 2263 1074 2355 filiumque
1096 2268 1168 2356 ejus
1189 2269 1241 2336 sic
1263 2269 1342 2338 edu-

279 2366 347 2434 cari
364 2366 472 2454 jussit,
499 2377 534 2433 ut
554 2365 751 2454 indulgendo
777 2367 967 2456 turpissimis
997 2368 1196 2438 imbueretur
1216 2371 1342 2460 cupidi·

245 2465 405 2548 statibus.
447 2467 527 2533 Nam
548 2487 667 2556 puero,
687 2468 874 2559 priusquam
894 2469 1001 2562 pubes
1024 2481 1125 2551 esset,
1152 2483 1264 2540 scorta
1286 2472 1342 2540 ad·
1398 2539 1399 2556 ,

280 2568 496 2646 ducebantur,
542 2569 614 2636 rino
648 2569 823 2660 epulisque
861 2570 1059 2640 obruebatur
1093 2595 1202 2662 neque
1243 2574 1341 2643 ullum
1398 2567 1399 2574 '

245 2681 409 2760 stempus
437 2669 548 2740 sobrio
574 2669 821 2764 relinquebatur.
863 2673 1021 2768 lausque
1049 2696 1090 2744 eo
1113 2677 1197 2746 vitae
1224 2688 1342 2748 statum

349 2973 421 3047 §.3-
455 2982 481 3031 ei
490 2982 663 3049 pomero.
697 2977 748 3032 Slc
766 2977 818 3032 Gn.
843 2977 929 3034 Voss.
946 2979 982 3032 A.
1001 2977 1035 3033 Β.
1059 2979 1140 3034 lield.
1157 2983 1184 3036 8.
1204 2979 1269 3035 eli'n
1288 2981 1340 3036 Ed

279 3059 357 3118 llltr.
374 3089 409 3104 ·-
428 3060 503 3116 lldd.
521 3063 588 3118 Ald.
606 3063 688 3138 ling.
706 3063 807 3118 Lemb.
826 3061 945 3118 aliaest
963 3079 1019 3117 om.

737 3148 810 3217 Gap.
833 3147 885 3200 lv.

347 3229 374 3299 §-
393 3233 417 3286 Ι.
453 3236 492 3283 rrri
509 3231 586 3284 deret
601 3233 771 3302 opprimendi.
805 3231 859 3286 Ed.
878 3225 970 3286 Ultra
986 3231 1065 3285 deret
1080 3237 1121 3286 ut
1136 3234 1310 3304 offrrlmdt.

348 3311 376 3381 §-
394 3316 421 3368 P.
457 3321 525 3367 eurr
543 3315 663 3368 inridier.
697 3315 751 3370 Gn.
775 3317 847 3368 Am:
867 3323 987 3368 erent
1007 3316 1127 3368 mdiu.
1149 3345 1182 3358 -·
1210 3324 1238 3370 tri
1260 3325 1341 3383 mis.

280 3395 330 3450 Sle
348 3396 402 3450 (lu.
420 3397 478 3452 Ax.
496 3396 579 3450 Leid.
596 3399 682 3452 Vere.
696 3401 730 3452 Δ.
749 3397 785 3453 Β.
802 3429 836 3440 -
854 3397 931 3452 Dan.
949 3398 1003 3453 uu.
1019 3397 1115 3454 ultr„-
1126 3405 1270 3452 man-
1287 3401 1340 3455 Ed.

278 3479 375 3554 Long.
394 3479 476 3553 Meg.
495 3479 608 3550 stapla:
626 3488 653 3534 tn
669 3489 737 3536 navt.
749 3511 782 3524 -
799 3489 913 3554 inponit.
931 3483 1048 3538 SleAx.
1067 3481 1191 3555 neno)
1207 3483 1295 3542 Verr-
1307 3486 1339 3540 ll.

278 3564 335 3621 Ed.
357 3563 431 3619 Uitr.
449 3563 545 3636 Long.
563 3591 597 3608 -
620 3584 732 3638 mque.
754 3565 835 3622 Lcid.
853 3569 883 3622 Ἅι
901 3583 958 3621 arr
974 3566 1044 3640 'quta
1065 3594 1099 3612 ·-
1121 3567 1233 3622 arkint.
1256 3569 1340 3626 Voss.

278 3649 319 3704 Bt
335 3648 462 3704 uolebant.

347 3734 375 3804 β.
396 3737 423 3792 ³·
463 3729 653 3803 Peloponneso.
693 3732 780 3788 Vota.
804 3733 841 3789 Α.
864 3733 902 3788 B:
931 3734 1136 3808 Primnum.
1163 3765 1199 3780 -
1230 3739 1340 3792 Aretes.

277 3820 364 3874 Voss.
383 3819 423 3872 A:
440 3815 568 3872 Aretber.

287 3919 291 3924 ·
346 3899 373 3969 β.
390 3906 418 3959 5.
452 3906 520 3954 riter
536 3906 639 3954 stature
673 3902 746 3957 Am:
763 3909 858 3957 rim
876 3908 953 3958 nilm-
975 3931 1009 3944 -
1023 3908 1166 3974 postqum
1181 3908 1209 3957 irr
1222 3913 1341 3976 patria·

276 3984 356 4035 radttt
372 3992 419 4039 etr.
448 3983 498 4040 Sic
515 3983 592 4038 Deo.
617 3983 670 4038 Gn.
693 3987 750 4038 Ax.
777 3986 831 4040 llil.
850 3985 929 4040 llltr.
948 4015 984 4028 -
1005 3986 1060 4042 Ed.
1077 3987 1191 4059 Longe
1214 3990 1246 4040 1r
1268 4007 1340 4053 erro,

272 4075 445 4138 posteaquem
461 4074 488 4120 irr
497 4074 617 4138 patriam
633 4071 712 4124 rediit
722 4077 814 4140 potu,
831 4087 910 4141 usquc
927 4088 958 4122 eo
969 4075 1038 4122 utine
1047 4078 1143 4124 rtetrrrr
1158 4082 1340 4124 amram·

279 4148 402 4220 (namque
419 4158 536 4222 apparati
547 4159 624 4206 erm
638 4152 772 4218 σκιώδει,
789 4159 834 4226 qut
849 4171 906 4208 rm
922 4173 940 4207 a
950 4159 1066 4226 prtrtlro
1081 4161 1152 4211 retr
1165 4155 1338 4227 dederant)
