2816 4702
456 272 510 332 lv.
541 273 721 344 Pausaniae.
1081 279 1117 343 81

53 425 143 493 didit
187 425 259 493 Non
286 435 338 492 est
363 424 599 516 praetereuntia
628 427 767 516 gravitas
788 423 1119 499 Lacedaemoniorum

52 528 117 596 hue
145 528 230 594 loco.
279 528 359 594 Nam
388 549 430 595 ne
457 527 552 617 hujus
582 529 714 618 quidem
742 529 859 597 indicia
887 530 1015 618 impulsi
1038 541 1119 612 sunt,

52 640 87 694 nt
108 629 303 696 Pausaniam
329 627 656 719 comprehenderent,
683 650 791 718 neque
818 631 907 718 prius
935 630 999 697 vim
1027 631 1120 700 adhi-

51 731 198 798 bendam
215 743 414 819 putaverunt,
436 751 534 822 quam
555 752 593 798 se
610 732 682 820 ipse
700 732 882 800 indicasset.
914 733 1026 820 ltaque
1042 733 1117 802 hine

51 832 152 899 indici
180 831 259 920 quid
291 831 362 898 tieri
389 833 509 900 velient
535 844 780 922 praeceperunt
827 834 1151 920 Fanu-mfNeptunit

51 947 104 1001 est
126 935 275 1012 Taenari,
303 934 390 1024 quod
419 934 531 1002 violari
556 935 648 1002 netas
675 946 788 1024 putant
816 933 940 1004 Graeci.
988 935 1033 1000 Eo
1062 935 1118 1004 iiie
1186 955 1191 962 ·

51 1036 153 1104 iudex
180 1037 322 1125 confugit
351 1038 383 1104 in
409 1057 532 1126 araque
564 1037 720 1105 censedit.
767 1038 857 1106 Hane
882 1039 977 1126 'juxte
1008 1039 1119 1108 mum

50 1139 203 1208 iecerunt
226 1138 288 1205 sub
315 1149 415 1215 terra,
441 1159 482 1206 ex
508 1161 573 1228 quo
602 1143 717 1228 posset
742 1139 857 1218 audiri,
883 1141 912 1206 si
939 1139 1011 1228 qrnie
1038 1139 1118 1230 quid

50 1242 245 1328 toqueretur
266 1261 340 1308 eiam
351 1241 479 1330 Argilio.
515 1243 586 1309 Hue
608 1263 649 1310 ex
672 1240 802 1330 ephoris
824 1240 955 1330 quidam
977 1242 1151 1312 deenen-5

53 1343 180 1410 derunt.
212 1343 386 1410 Pausanias
408 1355 443 1410 ut
464 1343 583 1410 audivit
596 1343 747 1430 Argilium
765 1342 950 1431 enniugisse
972 1345 1003 1410 iu
1020 1366 1117 1424 aram,

51 1443 262 1534 perturbatus
284 1445 372 1512 venit
393 1465 442 1512 eo.
478 1431 590 1522 ·Quem
611 1465 687 1511 eum
708 1442 890 1532 supplicem
910 1444 971 1510 Dei
993 1445 1118 1514 vitiaret

52 1549 83 1614 in
107 1567 167 1614 ara
188 1535 368 1625 sedentem,
389 1548 515 1640 quaerit
536 1565 673 1614 caussae
694 1545 775 1636 quid
796 1545 839 1612 ait
860 1555 925 1612 tam
948 1548 1116 1633 repentino

53 1650 199 1718 consitio.
254 1649 335 1716 Huic
365 1647 419 1714 ille
442 1647 519 1736 quid
548 1669 590 1716 ex
619 1647 732 1716 litteris
758 1645 975 1734 comperisset
1007 1649 1117 1735 aperit.

53 1752 153 1818 Modo
173 1751 276 1839 magis
284 1751 458 1820 Pausanias
473 1747 679 1838 perturbatus
694 1769 790 1817 erare
812 1747 929 1836 eoepit,
951 1770 992 1816 ne
1017 1771 1151 1828 enan-fl
1225 1747 1228 1757 '

53 1855 151 1922 tiaret
174 1873 238 1922 nee
265 1874 303 1920 se
330 1852 478 1920 meritum
507 1849 550 1918 de
578 1851 633 1920 illo
661 1851 783 1938 optimu
810 1849 972 1938 proderet.
1020 1849 1117 1930 Quod

53 1959 80 2024 si
108 1977 185 2025 eam
205 1953 331 2023 veniam
357 1953 419 2024 sibi
447 1953 596 2022 dedisset
618 1954 778 2042 unusque
800 1945 996 2042 implieetum
1017 1953 1117 2024 rebus

54 2059 273 2135 sublevasset,
294 2077 410 2146 magne
434 2056 464 2124 ei
486 2055 632 2144 praemio
653 2053 802 2122 turnum

142 2161 219 2249 Cap.
232 2161 272 2228 ·V.
320 2160 376 2226 His
404 2159 504 2226 rebus
534 2155 648 2245 ephori
674 2157 810 2245 cognitis
841 2157 940 2224 satius
969 2169 1151 2245 putanurtl

54 2266 84 2331 in
106 2263 192 2330 urhe
215 2284 291 2330 eun
313 2259 552 2352 comprehendi.
595 2257 667 2338 Quo
691 2278 765 2326 cum
788 2268 899 2326 essent
925 2260 1061 2348 preteeti
1085 2272 1118 2328 et

123 2450 149 2519 ἕ.
167 2453 193 2505 t.
228 2449 336 2501 Fanum.
370 2447 508 2502 Voan:
530 2447 639 2498 ifanne
657 2473 690 2486 -
708 2464 813 2516 araque.
832 2443 880 2496 ste
898 2443 974 2498 Dan.
993 2445 1115 2501 urina.

54 2537 108 2590 Ed.
130 2534 209 2590 Uitr.
227 2563 261 2576 -
281 2533 379 2606 Vulgo
396 2549 456 2591 em.
471 2551 529 2603 que.
546 2559 580 2574 -·
597 2537 620 2582 ri
637 2535 694 2601 quir
711 2528 781 2600 quid.
803 2529 877 2582 An:
896 2535 921 2582 ri
937 2537 993 2601 qnia
1011 2531 1117 2602 aliquid.

124 2619 151 2689 ᾗ.
171 2623 198 2673 5.
228 2618 398 2690 perturbatur
418 2623 486 2669 venit
507 2633 547 2668 eo.
585 2614 634 2666 ste
664 2611 716 2664 Gn.
742 2611 800 2665 Ax.
833 2611 918 2668 Voss.
944 2616 979 2667 Α.
999 2613 1033 2670 Β.
1061 2615 1116 2669 Eri.

55 2705 133 2760 Uitr.
153 2707 184 2756 et
202 2715 302 2756 earnes
319 2705 389 2754 ente
405 2700 503 2755 Lanb.
523 2699 604 2756 editi.
623 2727 659 2740 ·-·
675 2697 808 2750 Mundae.
826 2695 912 2752 Voss.
931 2697 963 2752 C.
983 2715 1040 2752 om.
1052 2719 1118 2769 per-

55 2789 184 2842 tententur.
204 2815 240 2826 -
259 2784 375 2856 Vulgo:
392 2781 561 2855 perturbetur
583 2800 614 2834 ea
627 2788 712 2835 nenft.
730 2811 764 2824 -
785 2787 920 2850 repentine
937 2785 1051 2836 cannito.
1069 2781 1118 2834 Sin

55 2873 133 2926 Dan.
153 2871 235 2926 netu
252 2874 278 2926 2.
296 2873 330 2912 -ὲ
355 2868 425 2922 Gur
445 2873 571 2938 repentini
588 2867 687 2920 consilii
705 2868 735 2918 rt
752 2881 839 2934 supra
857 2865 997 2934 seriptum
1015 2873 1025 2915 t
1051 2883 1076 2914 o.
1094 2882 1119 2915 a.

54 2987 87 2998 -
101 2959 176 3010 Am
193 2961 319 3024 repentini
335 2954 443 3006 consilii.
452 2983 485 2992 -
497 2951 551 3004 Ed.
562 2949 654 3004 Ultra
670 2954 797 3020 repentini
807 2950 906 3002 consilii
924 2955 954 3004 ei
965 2949 996 3002 in
1008 2963 1118 3020 maffia

54 3043 102 3094 At.
119 3045 256 3110 repentine
272 3040 387 3092 censitio.
692 3061 696 3070 ·

126 3123 153 3192 §-
173 3125 200 3180 6.
235 3123 329 3178 Modo.
363 3118 412 3174 Sic
430 3106 564 3178 utendae*
582 3116 635 3170 un.
654 3116 712 3168 duo
731 3113 823 3168 Bavr.
843 3114 925 3171 Leid.
943 3117 969 3167 2.
989 3111 1072 3164 Voss.
1084 3109 1119 3163 A.

57 3225 90 3278 n.
111 3224 167 3278 na.
180 3221 257 3277 uin.
275 3253 309 3266 .-
327 3219 446 3276 aaran
459 3205 516 3272 aa.
533 3247 569 3258 -
584 3217 657 3270 axa
674 3199 721 3268 a}
737 3233 840 3268 nn..-
858 3215 1016 3267 emar...
1035 3209 1118 3264 noes.

56 3313 88 3364 t).
110 3325 168 3363 ont.
187 3337 222 3350 -
244 3312 396 3359 emanet.
423 3305 472 3358 ste
490 3304 565 3356 Du.
585 3301 640 3354 Ga.
658 3302 714 3354 Ax.
733 3313 808 3352 unus
825 3298 898 3352 Ber.
914 3296 973 3372 [Α.
991 3293 1066 3350 Uitr.
1087 3322 1121 3332 -

56 3395 130 3448 Edd.
152 3397 239 3446 vett:
261 3397 399 3442 nuntiaret.
421 3419 455 3440 -.-
477 3389 643 3458 implicatum.
671 3384 720 3438 Sic
739 3382 817 3437 Dan.
844 3382 897 3436 tiu.
924 3382 979 3442 Ax.
999 3379 1120 3434 triae.

57 3481 140 3532 Voss.
156 3475 190 3528 B.
205 3475 237 3529 C.
257 3474 311 3527 Ed.
322 3472 397 3526 Ulir.
410 3501 444 3514 -
459 3472 532 3524 Edi.
551 3470 644 3524 uliae:
663 3468 818 3538 inplicitrtne.
836 3497 869 3510 ·-
887 3481 986 3534 magno
1002 3469 1026 3513 ei
1040 3480 1121 3532 prae-

56 3572 115 3616 mio.
134 3563 185 3616 Sic
204 3561 257 3614 flu.
277 3561 334 3613 Ax.
353 3557 406 3612 Ed.
426 3556 501 3610 Ulir.
520 3585 554 3596 -
572 3553 627 3606 Ed.
646 3569 688 3621 pr.
708 3551 782 3621 Aug·
801 3550 912 3622 Longa
936 3562 1081 3616 magnaque
1098 3546 1122 3592 ei

52 3653 174 3720 praemio
185 3642 316 3712 seim·
333 3668 369 3685 ·-··
391 3639 522 3708 Utraque
541 3636 636 3690 Parin.
655 3640 686 3688 ei
701 3633 785 3688 Alae
803 3651 901 3706 magna
917 3648 946 3686 te
963 3635 988 3681 ei
1000 3629 1121 3698 praerato

51 3729 184 3800 fetwern.

529 3806 601 3874 Cap.
619 3804 655 3857 V.
698 3839 701 3846 .

126 3899 152 3968 ἦ,
174 3901 200 3952 l.
231 3901 367 3967 puterut.
403 3893 453 3946 Sie
476 3891 528 3942 tin.
554 3891 611 3942 Ax.
638 3886 718 3940 init.
736 3890 764 3942 ⁶2.
787 3884 842 3938 lad.
861 3881 937 3934 Uitr.
955 3907 990 3919 ·-
1006 3872 1122 3951 Vulgo:

56 3989 219 4054 putauerunt.
236 4009 271 4020 -
288 3985 316 4030 rrt
331 3974 600 4048 comprehenderetur.
627 3973 699 4023 Ax:
725 3976 754 4021 ret
770 3971 839 4036 jann
856 3957 1125 4032 comprehenderetur.

59 4098 89 4108 -
108 4087 142 4120 en
158 4067 239 4118 aaa.
270 4059 319 4116 Sia
345 4062 398 4114 tiu.
423 4060 480 4112 Ax.
507 4057 591 4110 Voss.
612 4056 643 4108 U.
665 4053 716 4106 Ed.
733 4051 812 4105 Uitr.
831 4077 865 4088 -
882 4046 967 4100 Voss.
988 4041 1025 4096 B:
1049 4049 1076 4094 et
1093 4047 1126 4101 eri

60 4151 135 4202 ruite.
154 4177 189 4189 --
207 4149 348 4200 admoneri.
367 4145 415 4198 Sin
434 4141 514 4196 Leiti.
537 4144 559 4198 l.
578 4139 634 4192 ru.
654 4134 754 4188 Burei.
776 4134 859 4184 Voss.
878 4128 912 4182 B.
925 4130 956 4184 U.
977 4127 1028 4182 Ed.
1048 4123 1123 4178 Uitr.
