2808 4706
1121 311 1141 374 5

73 456 205 542 integra
227 451 418 542 Heusingeri
449 449 654 524 adnotatione
676 453 877 546 aliorumque
898 455 1022 526 selecta
1042 479 1139 549 repe-

71 575 128 640 tita
153 571 197 640 de
220 571 455 660 singulis'locis
476 584 627 642 nomento
651 595 782 663 agerem
799 586 832 642 et
848 589 934 665 qnae
948 589 1038 646 esset
1057 601 1134 648 vera

71 693 236 780 scriptura
258 689 469 779 dijudicatam
492 703 527 760 et
546 713 600 761 nes
618 714 794 782 annumque
816 695 1132 766 lontesGrneeomm

70 813 282 900 explicarem.
329 811 715 898 summonitionem
743 822 868 900 partem
899 815 994 882 tot-ius
1023 818 1131 903 operis

72 931 294 1026 absolveramt
327 939 403 997 uum
430 929 472 998 aui
501 931 565 1000 alia
591 932 721 1000 avocari
749 953 802 1000 me
828 953 946 1021 passus
972 954 1057 1013 sum,
1089 935 1133 1004 nd

73 1050 240 1118 Ciceronis
274 1048 437 1117 annones
473 1047 706 1127 emendandus,
740 1061 773 1119 et
807 1073 853 1148 ne
881 1073 967 1122 nuno
999 1051 1131 1142 quidum

73 1168 150 1235 milii
172 1169 317 1257 contigit,
344 1178 380 1234 ut
401 1169 493 1256 operi
519 1167 670 1236 inchoato
691 1191 853 1242 summum
873 1182 1026 1260 tauquam
1045 1171 1131 1238 iasti-

72 1290 162 1378 gium
183 1288 394 1376 imponerem.
436 1287 549 1376 ltaque
569 1309 618 1358 ne
645 1287 762 1360 diutius
789 1289 937 1360 homiues
966 1287 1054 1358 docti
1075 1311 1130 1362 ac-

73 1418 185 1475 curata
211 1415 245 1476 ct
272 1405 414 1496 diligenti
442 1418 590 1478 carerent
624 1409 818 1477 recensione
846 1407 959 1478 hurum
987 1407 1129 1488 nitarmn,

71 1526 249 1594 haeceine
276 1526 509 1596 commentaria
538 1525 713 1598 editionem
741 1526 853 1615 peravi
873 1525 1001 1614 adjecta
1021 1537 1129 1597 tamen

71 1647 228 1716 varietate
250 1645 440 1724 lectionum,
466 1654 502 1714 nt
522 1666 586 1732 qua
610 1645 757 1733 singulae
785 1643 1029 1718 emendationes
1051 1648 1130 1716 nito-

71 1775 182 1833 rentnr
209 1764 398 1834 auctoritate
424 1763 520 1836 facile
552 1775 664 1851 possct
693 1764 861 1862 cognosci„
903 1763 994 1834 lianc
1021 1775 1129 1836 autem

71 1885 202 1974 copiam
228 1884 337 1967 uariae
362 1883 542 1970 scripturae
571 1881 612 1954 ab
640 1882 709 1971 aliis
735 1883 908 1955 adnotatae
937 1904 979 1952 eo
1007 1884 1131 1972 maiore

69 2002 236 2102 diligentia
258 2000 367 2072 denuo
386 1999 602 2088 colligendam
624 2001 741 2089 pulani,
764 2023 830 2092 quo
852 1991 957 2073 minus
976 2005 1010 2070 in
1033 2024 1073 2072 en
1094 2024 1132 2074 re

69 2122 244 2192 lisclems
265 2121 336 2210 pari
356 2121 463 2193 studio
486 2131 583 2208 atque
606 2141 685 2192 eura
699 2132 845 2196 versatus
861 2141 940 2193 esse
952 2121 1129 2214 videbatur

69 2247 163 2326 Quae
191 2238 325 2330 quidem
351 2239 501 2316 collectio
531 2240 678 2329 quamuis
705 2239 840 2310 multum
867 2239 989 2311 laboris
1010 2221 1130 2318 hainam

69 2375 169 2452 atque
191 2359 377 2438 molestiaet
395 2379 471 2430 oum
490 2359 600 2433 uariae
619 2359 777 2438 lectiones
800 2379 820 2426 a
841 2359 1003 2452 prioribus
1024 2357 1128 2428 edito-

66 2483 160 2552 ribus
187 2481 382 2570 plerumque
410 2477 684 2557 adnotationibus.
713 2495 805 2566 quae·
824 2487 981 2546 vocantur
1008 2495 1128 2566 onager

67 2604 140 2670 ticis
168 2599 369 2670 intermixtae
396 2599 471 2678 sint,
485 2599 543 2674 lita
570 2609 679 2675 tamen
705 2598 892 2676 necessaria
918 2609 982 2678 est,
1007 2608 1042 2700 ut
1065 2597 1126 2666 nisi

68 2723 130 2791 liae
152 2739 275 2788 unare
296 2717 403 2788 aditus
418 2739 518 2796 uerae
535 2715 769 2789 emendationis
792 2717 911 2805 aperiri
930 2739 995 2784 non
1016 2717 1126 2805 possit

68 2842 278 2930 Antiquarum
299 2837 433 2928 quidem
453 2835 631 2908 editionum
658 2837 817 2916 rationem
836 2833 1021 2916 habandam
1043 2833 1127 2914 duxi,

68 2983 133 3030 non
156 2980 222 3048 quo
244 2974 440 3047 magnaeus
461 2957 534 3032 usui
555 2935 632 3026 esse
651 2967 814 3046 putarem,
838 2952 901 3024 sed
927 2973 969 3025 oe
991 2954 1023 3022 in
1045 2974 1127 3042 quea
1153 2946 1155 2952 ’

66 3078 207 3148 rundam
216 3076 378 3145 hominum
389 3077 588 3151 incurrerem
602 3067 884 3162 reprehensiones,
905 3071 960 3160 qui
977 3091 1126 3160 nragnam

68 3201 99 3268 in
126 3197 191 3269 illis
217 3195 307 3264 libris
333 3196 499 3294 utilitatem
517 3195 635 3272 ,inesse
662 3192 875 3268 existiment·
898 3189 965 3272 Sed
993 3189 1025 3258 lri
1053 3190 1126 3260 libri

68 3317 212 3386 editione
231 3315 434 3406 Ultrajeetina
451 3311 734 3402 pauonum-altis,
748 3309 892 3399 exeeptis
915 3309 983 3380 sere
1005 3331 1127 3388 omnes.

69 3435 100 3504 id
124 3433 215 3526 quod
239 3435 334 3508 eliam
356 3435 389 3503 in
410 3433 561 3503 Tullianis
581 3429 736 3522 operibus
757 3430 876 3503 laetum
893 3429 1059 3525 uideritne,
1086 3451 1127 3498 er

67 3553 266 3632 deteriorum
288 3551 439 3630 codicum
459 3573 582 3642 genere
603 3550 692 3630 danti
718 3557 794 3619 sunt
816 3532 849 3618 et
870 3545 998 3631 deindo¹
1012 3547 1054 3616 ita
1075 3567 1128 3615 re·
1174 3591 1177 3602 .

69 3675 174 3764 petiti,
189 3673 321 3750 utalia
342 3692 383 3742 ex
403 3671 476 3752 aliis,
496 3670 660 3762 ejusdem
674 3670 802 3759 generis
830 3651 998 3740 codicibus
1025 3673 1127 3731 muta-

69 3807 188 3873 rentur,
207 3792 271 3862 alin
292 3793 486 3884 conjectura
523 3792 603 3860 Tota
616 3789 711 3878 igitur
726 3809 782 3860 res
800 3787 842 3858 ad
855 3785 1125 3858 codicumaucto-

69 3913 195 3985 ritatem
212 3911 387 3980 referenda
406 3931 483 3981 osse
504 3908 681 3977 videbatur.

155 4033 384 4102 Omniautem
415 4028 589 4098 lectionum
621 4025 837 4114 discrepantia
866 4020 1002 4090 collecta
1029 4029 1126 4108 atque

72 4153 251 4223 manime
271 4149 304 4226 id
326 4170 398 4218 sum
419 4156 602 4224 assecutus,
624 4156 661 4212 ut
680 4153 799 4232 quanta
820 4146 909 4210 essct
929 4139 1126 4230 singulorum
