2818 4704
291 310 348 375 172
669 308 816 370 ‹Cornelii
834 307 967 389 Nepotis

290 462 364 530 stitu
391 460 525 550 agresti,
552 481 618 551 quo
646 461 771 530 minore
796 453 981 552 suspicione
1007 462 1151 529 lacerent
1176 460 1241 527 iterss
1278 462 1325 540 Qui

264 569 364 632 'cum
385 575 533 653 tempore
559 566 631 652 ipso
654 585 720 654 quo
742 564 930 632 studuerant
955 565 1193 652 pervenissent,
1218 561 1327 629 domum

291 665 445 732 Charonis
468 665 675 745 devenerunt,
695 687 714 734 a
736 687 801 756 quo
825 675 858 735 et
878 679 1005 755 tempus
1028 676 1061 733 et
1075 665 1146 732 dies
1165 677 1231 734 erat
1247 665 1326 732 datus.

258 793 272 846 1
378 769 454 856 Cap.
469 769 521 834 lll.
564 769 634 836 Hoc
654 769 729 836 loco
751 769 831 836 libet
851 771 1066 857 interponere,
1088 769 1149 836 etsi
1172 769 1326 856 sejunctam

291 869 333 936 ab
355 891 393 936 re
414 871 582 960 proposita
604 881 668 950 est,
689 869 786 938 nimia
805 869 925 938 fiducia
946 880 1084 959 quantae
1108 871 1270 938 calamitati
1288 891 1327 936 so-

289 971 357 1040 leat
377 993 461 1040 esso.
502 974 583 1038 Nam
604 972 843 1060 magistratuum
859 973 1084 1041 Thebanorum
1104 974 1210 1041 statim
1230 972 1267 1040 ad
1286 993 1327 1038 aa·

289 1095 345 1142 res
366 1074 514 1164 pervenit
537 1073 666 1140 exsules
688 1073 720 1139 in
740 1073 857 1142 urbem
874 1075 1011 1143 venisse.
1053 1074 1089 1141 ld
1112 1075 1156 1142 illi
1171 1077 1247 1142 aino
1267 1095 1327 1162 epu-

289 1175 395 1263 lisque
417 1173 518 1240 dediti
538 1193 644 1264 usque
666 1195 708 1242 eo
730 1175 961 1266 despexerunt,
983 1190 1018 1244 ut
1037 1199 1079 1245 ne
1102 1199 1257 1268 quaerere
1276 1176 1326 1264 qai·

256 1274 367 1345 adem
390 1275 432 1343 de
454 1285 540 1342 tanta
561 1297 598 1344 re
619 1275 800 1347 laborarint
842 1281 989 1350 Accessit
1010 1279 1107 1347 etiam
1135 1279 1221 1368 quod
1246 1279 1325 1366 magis

290 1378 431 1468 aperiret
452 1399 565 1446 eorum
586 1379 788 1448 dementiam.
819 1381 920 1450 Allata
943 1375 993 1450 est
1014 1383 1100 1450 enim
1112 1383 1245 1471 epistola
1253 1380 1325 1446 ithe-

256 1479 1324 1574 *fflwmfflmffifflmmffwmmm

289 1584 508 1673 magistratum
530 1583 648 1651 Thebis
677 1585 859 1667 obtinebat,
885 1588 917 1656 in
946 1609 1010 1676 qua
1037 1589 1147 1654 omnia
1174 1587 1215 1654 da
1241 1584 1325 1674 prole-

290 1689 397 1755 ctione
425 1686 570 1754 exsulum
597 1687 777 1776 perscripta
803 1697 901 1756 erant
950 1690 1040 1768 Quae
1068 1709 1146 1758 oum
1167 1691 1232 1780 Jam
1251 1707 1324 1754 aecu-

289 1789 377 1857 banti
399 1789 430 1855 in
453 1789 599 1857 coavivio
623 1801 712 1858 esset
733 1790 822 1870 data,
844 1792 927 1859 sicut
948 1803 1018 1864 erat
1038 1793 1178 1882 signata,
1199 1791 1255 1858 sub
1272 1788 1323 1878 pul·

166 1931 170 1944 ·
288 1893 398 1960 vinum
424 1889 623 1978 subjiciens:
667 1900 704 1964 io
735 1901 940 1978 crastinam,
973 1895 1093 1988 inquit,
1133 1897 1257 1984 differo
1284 1913 1324 1959 res

744 2165 815 2236 Cap.
838 2166 894 2223 Ill.

357 2247 384 2318 ἦ.
408 2249 434 2304 1.
470 2245 503 2300 ob
523 2266 563 2301 re.
597 2246 646 2301 ste
666 2247 743 2304 Dan.
768 2249 820 2303 (lu.
848 2251 950 2306 Boosl.
975 2252 1032 2313 Ax,
1057 2253 1198 2310 vossii.
1224 2247 1323 2304 tetta.

287 2335 342 2417 Ell.
355 2333 430 2388 Ultr.
450 2363 483 2374 -
498 2330 552 2385 Ed.
571 2333 644 2406 Arg.
664 2333 732 2388 Par.
750 2335 817 2388 Alo.
838 2335 931 2410 Loug.
949 2336 1049 2394 Lamb.
1068 2339 1124 2393 al.:
1144 2360 1161 2392 a
1176 2357 1213 2391 re.
1229 2365 1259 2376 -
1272 2346 1323 2403 pro·
1373 2345 1374 2420 l

281 2425 381 2492 posito
398 2415 628 2470 stannatum
645 2415 796 2472 Lamb-
814 2419 867 2473 Ga.
886 2420 985 2476 Boe'ol.
1005 2425 1061 2476 Ax.
1079 2424 1167 2478 Voss.
1179 2421 1211 2476 B.
1227 2417 1321 2473 tritt.
1373 2421 1374 2464 l

287 2504 341 2558 El.
360 2502 426 2556 Ala.
445 2499 541 2571 Βοῦς.
555 2500 614 2553 aab:
626 2507 727 2572 posita.
747 2533 781 2548 -·
797 2511 845 2556 est.
861 2503 961 2562 Boeel.
979 2509 1036 2562 Ax.
1057 2525 1112 2561 om.
1128 2537 1160 2550 -
1178 2515 1322 2580 quantaecu-

287 2590 408 2642 lumitati.
425 2585 541 2638 Booti-t
561 2593 657 2656 quanto
673 2587 825 2640 calliditate.
838 2619 870 2629 -
887 2591 959 2646 Δις
977 2601 1073 2665 quanm
1089 2595 1236 2647 calamitate
1250 2583 1321 2639 calidi·
1373 2571 1374 2640 l

287 2680 350 2724 tale.
373 2669 548 2740 [Utrumque
573 2673 618 2723 est
639 2685 657 2722 a
679 2685 765 2724 manu
787 2673 880 2740 prima
906 2675 1064 2746 eademque
1086 2678 1178 2730 verbo
1200 2673 1321 2727 catarattula
1373 2695 1374 2726 r

286 2761 393 2826 puncta
413 2751 597 2822 supposuisse
615 2753 744 2818 videtur,
768 2757 845 2824 quod
864 2757 1006 2832 Heusing.
1026 2777 1044 2814 a
1061 2777 1118 2814 seo.
1138 2775 1223 2814 manu
1238 2756 1321 2808 factam

286 2855 349 2896 asso
367 2837 505 2910 putavit]
523 2868 558 2879 -
577 2837 646 2893 (lua
663 2847 775 2909 quantae
792 2841 939 2896 colltdttatt.
951 2873 983 2882 -
993 2849 1100 2896 ventsse.
1117 2845 1167 2897 Sio
1180 2843 1230 2894 Ga.
1242 2831 1320 2890 nocet

285 2928 343 2979 Ax.
361 2923 447 2978 Voss.
462 2921 499 2978 Β.
518 2922 573 2977 bd.
590 2920 665 2976 Ultr.
682 2951 716 2964 —
735 2922 848 2996 Vulgo:
866 2925 1004 2980 dwmrse.
1021 2957 1056 2970 -
1069 2947 1152 3000 usquo
1168 2947 1206 2980 eo.
1224 2919 1321 2975 Gabl-

284 3029 315 3063 ae
332 3025 390 3062 onr.

295 3131 297 3136 ·
337 3094 380 3164 ἕ
400 3097 426 3150 2·
463 3092 495 3144 ab
513 3089 615 3144 Arellio
635 3097 679 3143 aral
700 3109 734 3144 aar
749 3089 805 3164 bia,
827 3093 953 3147 Arabiae.
994 3095 1046 3147 Gn.
1069 3094 1147 3148 Dan.
1166 3095 1221 3147 Ax.
1242 3080 1320 3141 Bottl·
1373 3093 1374 3098 ’

283 3179 432 3238 blandos:
458 3178 490 3230 ab
507 3177 623 3229 Archino
641 3194 690 3227 ano
707 3195 741 3227 ear
756 3175 799 3228 Iris
815 3177 940 3230 Archiae.
957 3209 991 3222 -
1014 3179 1098 3233 Voss,
1117 3178 1157 3231 B:
1180 3176 1211 3229 ab
1226 3169 1321 3226 Arellio
1373 3227 1374 3250 ἶ

282 3263 451 3334 bioropbaato
467 3281 516 3314 ano
533 3281 566 3314 ex
582 3261 632 3313 lits.
647 3289 682 3303 ·-
704 3259 788 3314 Voss.
807 3262 848 3313 A:
872 3261 905 3314 ab
921 3263 1038 3314 Arobioo
1055 3282 1103 3315 arao
1122 3254 1320 3314 [laabiaarclriau

283 3348 344 3400 rid.
363 3353 460 3400 tamen
479 3346 620 3417 Heusing.
646 3373 678 3386 -
703 3344 783 3398 Leid.
799 3349 831 3400 2:
857 3345 889 3398 ab
906 3345 1023 3399 Arcbtao
1043 3365 1093 3396 ooo
1114 3342 1282 3398 Tltsarcltoe.
1296 3359 1321 3374 -·

282 3433 337 3486 Ed.
354 3429 430 3484 Ultr.
450 3429 503 3483 ab:
522 3429 555 3480 ab
571 3429 689 3482 Arcltiao
706 3447 755 3481 atro
778 3429 948 3500 Tyaarcblae.
964 3459 999 3472 -
1020 3430 1074 3482 Ed.
1092 3428 1175 3484 Ala:
1193 3427 1223 3480 ah
1239 3418 1321 3476 Arata

282 3513 452 3587 bioropbaule
471 3513 596 3566 Archiae.
618 3541 653 3552 —
675 3513 728 3565 Ed.
748 3513 851 3567 Heus:
877 3514 910 3566 ab
932 3514 1036 3566 Arabia
1055 3514 1221 3586 hierophanta
1241 3511 1278 3558 ari
1296 3515 1320 3551 επ

282 3602 339 3667 lala,
361 3599 486 3652 Arabiae.
503 3625 537 3638 --
562 3602 699 3648 maximum
715 3603 906 3668 magistratum.
934 3598 1014 3652 Leid.
1033 3601 1058 3653 l.
1079 3605 1216 3650 maximam
1231 3605 1281 3644 out·
1294 3610 1320 3623 ‘

282 3687 406 3738 assulam.
424 3683 473 3738 Sia
488 3681 541 3735 Ga.
559 3680 642 3734 codd.
660 3680 772 3734 Staver.
791 3710 825 3722 —
842 3681 933 3736 Dae:
951 3701 1038 3735 eorum
1056 3687 1086 3738 et
1101 3697 1186 3751 sopra
1204 3676 1320 3741 scriptum

283 3771 406 3822 exsulum.
434 3795 468 3808 -
489 3771 650 3839 perempto.
685 3764 733 3818 Sic
758 3765 810 3819 ltu.
835 3767 888 3819 Ed.
911 3767 987 3820 Ultr.
1012 3795 1045 3806 -
1075 3766 1150 3820 cett.
1171 3763 1240 3818 fild.
1266 3757 1319 3808 aute
1373 3823 1374 3832 ἵ

168 3846 171 3851 ’
282 3850 398 3906 Booti:
422 3857 531 3923 sorpta.
555 3879 589 3892 -
616 3867 671 3900 cam
685 3851 754 3918 jam.
784 3848 886 3904 Boacl.
910 3851 966 3904 Ax.
989 3850 1075 3905 Voss.
1093 3849 1126 3902 B.
1144 3851 1203 3920 jam
1224 3859 1274 3897 om.
1293 3859 1320 3874 ‘
1373 3843 1374 3928 l

282 3934 365 3988 Laid.
387 3939 419 3990 2:
447 3935 556 3988 sutrim.
585 3961 620 3974 -
650 3933 739 3986 Dara:
767 3952 823 3986 cum
837 3937 899 4004 jam
919 3934 1060 3986 occubanti.
1091 3963 1124 3976 --
1151 3936 1258 4005 signato
1281 3919 1319 3973 sifi

283 4033 383 4072 omnes
401 4021 521 4074 omnino
539 4019 623 4071 oodd.
642 4026 673 4072 et
690 4023 760 4072 vett.
779 4017 853 4072 bod.
871 4047 906 4060 -
930 4017 1072 4072 Baobrror.
1091 4018 1181 4088 ooaj.:
1198 4016 1317 4085 signatam·

281 4133 319 4148 -·-
338 4102 384 4154 rut
397 4105 534 4172 pulvinum.
563 4104 612 4156 Sic
634 4102 709 4156 Dara.
730 4103 782 4156 tiu.
808 4103 890 4156 beiti.
902 4101 1045 4156 choeel.
1070 4104 1126 4156 Ax.
1148 4102 1228 4154 Voss.
1246 4093 1276 4146 Α·-
1292 4085 1318 4137 Β·

283 4186 338 4241 Ed.
358 4184 433 4239 Ultr.
451 4217 485 4228 -
502 4186 556 4240 Ed.
574 4186 640 4249 ΔΜ.
658 4187 753 4260 Loag.
772 4187 871 4242 baarb.
891 4187 944 4242 ab:
962 4190 1144 4259 lapeleiam.
1162 4214 1193 4230 .-
1209 4199 1249 4232 m
1263 4189 1319 4227 seve·
1373 4213 1374 4270 3
