2816 4682
279 255 338 316 270
472 252 608 312 Cornelii
628 251 761 331 Nepotis
782 251 819 312 Τ.
840 251 994 328 Pompnn.
1014 249 1149 313 Allicus.

279 414 428 493 cogeret,
454 399 526 491 ipse
549 423 681 493 quoqne
709 403 770 471 sibi
794 401 1007 482 acceleraret,
1034 413 1068 469 et
1097 391 1251 491 quoniam
1276 413 1339 470 tum

280 525 412 598 qnoque
434 518 547 594 posset
568 507 767 595 temporibus
784 523 969 595 superesse,
990 523 1027 572 se
1050 505 1112 572 sibi
1133 507 1270 594 suisque
1291 527 1341 573 re-

279 619 433 688 servaret,
454 629 573 696 preces
596 609 666 698 ejus
687 610 843 677 taciturna
864 627 923 676 sua
941 608 1155 674 obstinatione
1172 607 1339 697 depressit

246 713 337 780 eSic
360 731 434 780 cum
455 710 588 778 biduum
611 711 686 779 cibo
714 733 752 780 se
774 711 993 788 abstinuisset,
1021 709 1127 776 subito
1156 709 1260 777 febris
1286 709 1339 776 de-

280 816 388 894 cessit,
409 814 577 904 leviorqne
600 813 734 882 morbus
751 833 827 882 esse
845 814 960 902 coepit.
999 815 1119 880 Tamen
1140 814 1337 901 propositum

246 917 378 987 scibile
407 917 514 984 secius
542 917 676 1005 peregit.
725 919 837 1006 ltaque
867 914 921 982 die
950 914 1061 1004 quinte
1087 925 1164 1002 post
1191 935 1289 1004 quam
1311 913 1339 980 id

283 1019 452 1089 consilium
473 1019 588 1086 inierat
609 1017 713 1106 pridie
735 1016 897 1085 Kalendas
919 1015 1034 1104 Aprilis
1057 1015 1110 1081 Cn.
1133 1017 1285 1097 bremide,
1311 1017 1339 1082 C.

280 1122 375 1188 Sosin
404 1121 494 1186 Coss.
526 1119 676 1188 decessit.
726 1121 834 1188 Eletus
862 1130 912 1188 est
942 1119 975 1185 in
1007 1118 1176 1198 lecticula,
1210 1131 1246 1185 nt
1272 1119 1340 1207 ipse

279 1217 543 1311 praescripserat,
565 1224 636 1291 sine
653 1222 718 1292 ulla
732 1243 852 1312 pompa
869 1222 989 1289 funeris
1006 1221 1231 1289 comitantibus
1244 1221 1341 1288 omni-

279 1323 342 1392 bus
369 1324 464 1391 bonis
490 1325 630 1393 maxima
658 1327 743 1414 vulgi
770 1325 957 1415 frequentia
1002 1324 1156 1413 Sepultus
1178 1335 1232 1391 est
1255 1325 1339 1411 juxte

280 1428 366 1496 viem
383 1427 518 1516 Appiam
540 1427 581 1495 ad
605 1429 748 1518 quintum
770 1427 913 1517 lapidem
935 1428 967 1496 in
989 1437 1198 1498 monumento
1214 1428 1251 1507 Q.
1266 1426 1342 1494 Cac-

280 1529 344 1598 cilii
363 1527 514 1598 avunculi
536 1531 593 1597 sui.

282 1717 335 1770 Gn.
361 1713 442 1770 Leid.
463 1719 486 1771 l.
505 1720 531 1772 2.
556 1717 643 1774 Voss.
661 1717 695 1773 G.
720 1718 851 1774 Mendes.
874 1715 1218 1787 scemurensem,
1243 1716 1294 1786 qui
1311 1714 1342 1766 ad

281 1817 339 1855 em.
361 1827 395 1842 -
422 1807 478 1872 ipse
496 1820 595 1874 qunque
611 1802 667 1855 sthi.
694 1803 743 1856 Sic
767 1803 821 1861 Gn.
844 1809 939 1874 ntraq.
967 1802 1011 1870 p'r.
1036 1801 1124 1854 (forn.
1148 1803 1222 1874 Arg.
1250 1801 1339 1870 berg.

279 1885 380 1938 bamb.
407 1890 437 1938 ct
458 1885 583 1942 sortasse
602 1903 701 1942 omnes
720 1887 805 1940 codd.
830 1918 862 1928 -
886 1886 955 1940 Bes.
974 1903 1097 1956 eumque
1115 1885 1208 1969 sequti
1226 1885 1282 1938 alii
1298 1883 1341 1935 stlt

281 1983 337 2024 um.
355 1997 390 2008 -
407 1965 543 2038 depressit.
560 1969 609 2024 Sic
629 1972 682 2026 Gn.
701 1971 785 2026 cedd.
799 1973 878 2025 Stav.
896 1976 926 2025 et
943 1970 1067 2024 fortasse
1086 1987 1206 2041 onnncs3
1225 1975 1257 2024 et
1275 1967 1340 2021 eunt.

281 2055 349 2108 ente
367 2051 477 2124 Lamb,
496 2053 548 2123 qui
565 2062 718 2128 compressit
735 2056 825 2110 dedit.
1387 2039 1388 2050 ἵ

271 2166 274 2177 ·
350 2135 376 2205 fi
394 2139 421 2194 Ἃ.
457 2155 485 2192 se
503 2137 673 2194 alsttmnsst.
707 2141 761 2194 Me.
790 2141 887 2194 Ernst.
911 2159 939 2192 se
956 2155 1014 2193 ent.
1034 2169 1065 2182 -·
1081 2136 1182 2206 febris.
1200 2137 1256 2194 bd.
1274 2154 1302 2207 p.
1319 2154 1338 2190 s.

281 2236 309 2276 a.
326 2221 419 2290 antiq.
437 2220 518 2275 Jcns.
538 2225 611 2279 1478.
629 2224 711 2277 Brix.
731 2227 822 2278 Ven.:
838 2222 924 2292 febri.
941 2253 976 2264 -
992 2224 1109 2278 Verba:
1128 2224 1261 2292 lez-torque
1277 2239 1340 2272 mnr-

281 2304 327 2357 bus
350 2335 383 2346 -
409 2323 474 2358 cess.
493 2306 609 2362 decessit.
638 2309 768 2363 Mendes.
786 2311 873 2364 Voss.
894 2309 925 2362 G.
949 2308 1002 2362 Ed.
1020 2325 1047 2378 p.
1066 2325 1087 2362 s.
1107 2323 1131 2360 a.
1151 2306 1246 2376 antiq.
1264 2305 1337 2358 lens.

282 2391 359 2446 1478·
378 2394 407 2442 ol
425 2387 507 2444 Brlx-
526 2405 581 2442 om·
598 2422 627 2431 -
648 2392 723 2447 cett.
742 2393 814 2446 Edd.
833 2399 863 2446 nt
880 2393 943 2446 eod.
963 2391 1016 2444 Gn.
1036 2408 1070 2443 ea
1089 2391 1207 2444 babent.
1227 2417 1260 2429 -
1277 2407 1339 2439 mor·

281 2473 335 2530 btts.
359 2471 446 2527 Voss.
464 2475 505 2526 A:
528 2473 649 2528 moribus.
671 2507 705 2517 -·
729 2484 818 2530 secius.
841 2477 924 2531 Voss.
944 2479 983 2529 A:
1002 2496 1081 2528 secus.

351 2557 376 2626 ἕ.
393 2559 432 2625 3»,
453 2557 566 2628 Aprilis.
602 2559 651 2612 Sic
670 2559 723 2616 Gn.
746 2569 841 2632 ntraq.
865 2579 907 2630 pr.
933 2562 1026 2614 Paris.
1052 2559 1146 2632 Leng.
1165 2559 1237 2630 Arg.
1257 2557 1338 2609 al.-

282 2647 380 2704 Lamb,
399 2648 523 2702 schole:
540 2644 668 2714 Apelleis.
685 2677 719 2690 -
738 2647 786 2698 (ln.
804 2648 931 2699 Domitio.
952 2646 1035 2699 Voss.
1052 2645 1093 2696 A:
1112 2651 1142 2695 ln
1159 2645 1286 2694 Domitio.
1386 2641 1387 2736 ,
