2816 4682
334 270 436 334 XXV.
474 269 511 332 Τ.
530 271 726 352 Pomponius
744 274 879 336 Atticus.
1080 279 1138 342 247

70 419 129 485 tici
157 418 193 498 Q.
215 420 315 488 Tullio
341 421 488 490 Ciceroni
515 443 640 513 easque
666 422 792 510 nuptias
819 421 857 492 tt
884 424 999 495 Cicero
1027 431 1137 497 conci-

69 520 179 602 liarat,
206 543 280 590 cum
303 545 367 613 quo
390 545 410 590 a
432 522 688 610 condiscipulatu
709 525 839 591 vivebat
867 529 1135 616 conjunctissime,

67 623 172 690 multo
201 625 297 691 etiam
325 625 521 702 familiarius
554 645 650 711 quam
679 645 751 690 curn
779 626 910 706 Quinto,
936 639 971 696 ut
993 631 1132 718 judicari

67 726 177 812 possit
197 725 270 813 plus
292 725 324 790 in
341 724 479 793 amicitia
494 723 604 793 valere
620 725 858 794 similitudinem
878 749 1012 809 mamm,
1034 755 1131 820 quam

67 825 263 894 affinitatem.
305 826 460 894 Utebatur
481 837 590 894 autem
611 827 719 896 intime
742 829 778 906 Q.
799 829 985 909 Hortensio,
1011 833 1065 919 qui
1093 833 1165 903 iist

66 926 273 1014 temporibus
299 928 512 1017 principatum
539 928 743 1018 eloquentiae
771 929 915 1012 tenebat,
941 942 976 998 ut
1001 933 1132 1020 intelligi

66 1049 137 1095 non
159 1039 286 1117 posset,
312 1042 384 1097 uter
406 1050 480 1098 eum
507 1029 580 1119 plus
608 1029 757 1120 diligeret
778 1032 907 1112 Cicero,
934 1048 974 1099 an
997 1033 1133 1100 llcrten-

67 1130 158 1197 sius:
186 1130 288 1208 etia,
314 1131 495 1221 quoderat
521 1129 758 1213 difficillimum,
785 1129 963 1214 efficiebat,
994 1146 1029 1201 ut
1050 1135 1133 1204 inter

68 1253 155 1320 quos
177 1239 283 1298 tautae
306 1232 410 1300 laudis
429 1243 518 1302 esset
532 1233 703 1300 aemulatio
725 1232 811 1300 nulla
832 1233 1051 1304 intercederet
1072 1235 1132 1303 ob-

67 1334 216 1401 trectatio
238 1343 392 1422 essetque
414 1333 522 1400 talium
544 1335 685 1402 viromm
707 1333 832 1423 copula.

157 1436 232 1524 Cap.
254 1436 300 1504 Vl.
342 1438 377 1502 ln
398 1457 436 1503 re
458 1435 589 1524 publica
614 1435 658 1504 ita
680 1447 731 1504 est
756 1448 916 1518 versatus
943 1447 979 1505 ut
999 1457 1132 1527 semper
1151 1463 1163 1516 ι

69 1538 263 1627 optimarum
290 1538 426 1625 partium
453 1549 485 1605 et
512 1547 602 1606 essct
628 1549 661 1607 et
688 1538 921 1606 existimaretur
947 1559 1055 1629 neque
1084 1552 1131 1607 ta-

68 1662 145 1706 men
166 1661 204 1707 se
227 1638 372 1708 civilibus
394 1637 544 1707 fluctibus
568 1640 795 1719 committeret,
821 1639 912 1729 quod
939 1661 1003 1708 non
1028 1643 1131 1728 magis

69 1763 130 1810 eos
157 1744 188 1808 in
210 1763 270 1810 sua
290 1751 450 1830 potestate
473 1741 675 1809 existimabat
696 1763 786 1820 csse,
813 1743 867 1830 qui
895 1763 933 1810 sc
962 1741 999 1810 iis
1022 1741 1132 1810 dedis-

68 1855 153 1923 sent,
181 1863 278 1932 quam
306 1843 361 1933 qui
383 1841 547 1909 maritimis
565 1845 771 1932 jactarentur.
814 1841 962 1911 Honores
985 1863 1050 1911 non
1071 1863 1164 1932 pet

69 1947 128 2026 tiit,
156 1967 229 2014 cum
251 1946 281 2013 ci
303 1955 452 2034 paterent
472 1955 606 2034 propter
627 1943 680 2014 vel
702 1945 835 2034 gratiam
857 1945 908 2013 vel
935 1944 1130 2034 dignitatern,

69 2048 160 2139 quod
179 2069 287 2138 neque
309 2048 376 2137 peti
397 2067 490 2112 more
512 2049 670 2135 majorum
687 2068 795 2135 neque
811 2047 883 2134 capi
905 2059 1040 2136 possent
1053 2068 1131 2114 con-

69 2151 204 2220 servatis
231 2148 359 2238 legibus
387 2147 419 2214 in
446 2158 510 2214 tam
532 2147 643 2216 effusis
672 2147 809 2215 ambitus
831 2148 1051 2237 largitionibus
1073 2159 1131 2216 ne'-

71 2276 136 2344 quo
162 2253 231 2342 geri
259 2273 278 2319 e
306 2272 342 2318 re
370 2249 500 2340 publica
527 2251 597 2317 sine
629 2251 775 2338 periculo
803 2251 961 2338 corruptis
996 2250 1130 2317 civitatis

71 2353 221 2422 moribus.
265 2353 314 2420 Ad
336 2352 460 2419 hastam
481 2352 644 2441 publicam
664 2373 839 2440 numquam
866 2353 1014 2420 accessit.
1056 2352 1164 2429 Nuba

70 2458 132 2524 lius
157 2455 205 2524 rei
233 2477 341 2548 neque
368 2475 466 2546 praes
491 2475 600 2543 nequo
622 2473 777 2544 manceps
798 2454 901 2526 tactus
924 2463 981 2520 cst
1024 2453 1131 2520 Nemi-

72 2729 129 2765 om.
146 2739 180 2752 -
197 2707 405 2779 medleelpelatu.
428 2705 503 2759 blec.
521 2709 546 2761 2.
564 2706 615 2759 Ed.
634 2705 727 2775 antiq.
746 2705 797 2760 Eri.
814 2723 843 2776 p.
862 2722 886 2762 s.
905 2722 931 2762 a·
948 2706 1028 2760 tous.
1048 2709 1130 2763 rata:

70 2794 249 2864 diacripclutu.
266 2819 302 2833 -·
318 2795 413 2846 Ernst·
434 2788 506 2843 Bae.
526 2789 556 2843 l:
574 2789 766 2858 condisciplina.

140 2877 166 2946 §-
183 2879 209 2931 4.
246 2881 279 2928 tte
296 2872 458 2944 tenporibus.
483 2871 536 2924 Gn.
556 2871 607 2924 Ed.
627 2873 720 2941 antiq.
737 2871 813 2926 bled.
831 2873 906 2944 Arg.
923 2861 999 2925 Ven.
1018 2871 1129 2944 Longa

69 2963 111 3014 lu's
128 2957 293 3030 temporibus.
311 2983 344 2997 ·-
365 2961 423 3007 uter
441 2975 506 3010 eurr.
527 2953 674 3008 Mendes:
696 2965 754 3007 uter
772 2963 823 3008 luna
837 2959 897 3028 plus
914 2955 1079 3026 diligeretur.
1098 2985 1130 2996 -

70 3045 158 3098 Vostt.
177 3041 216 3097 U:
234 3047 291 3093 uter
308 3058 404 3093 eareat.
419 3069 454 3084 -
471 3047 560 3091 laetae
577 3040 670 3092 laedis.
689 3039 767 3093 beiti.
786 3042 813 3094 l:
833 3046 907 3090 tante
924 3039 1018 3092 laudis.

526 3122 597 3192 Cep.
623 3122 672 3175 VI.

140 3209 167 3280 ἦ.
188 3213 213 3266 1.
249 3215 288 3262 eat
303 3214 430 3260 enimes.
464 3205 514 3260 Sic
532 3205 585 3259 liu.
607 3205 657 3257 Ed.
675 3223 703 3275 p.
723 3208 797 3261 ttto.
817 3205 912 3275 antiq.
929 3202 1026 3276 Long.
1046 3203 1130 3258 liom.

72 3295 165 3350 Paris.
190 3322 225 3336 -
252 3291 334 3346 Lete.
352 3296 379 3348 2.
401 3293 488 3346 Voss.
506 3291 543 3344 A.
562 3289 594 3344 C.
608 3286 657 3362 [l]
688 3289 743 3344 ltu.
767 3290 856 3344 (loru.
880 3288 954 3361 Arg.
978 3288 1077 3344 Lamb.
1101 3293 1134 3344 ut

72 3379 179 3452 vulgo:
199 3382 317 3428 versam
333 3381 379 3430 eet.
397 3405 432 3418 -
448 3373 563 3427 eirtlibes
572 3371 708 3440 fluctibns.
726 3371 811 3427 Voss.
824 3373 866 3425 A:
884 3371 979 3426 civibus
987 3369 1131 3441 fructibus.

72 3494 106 3504 -
124 3459 172 3513 lte.
191 3459 240 3515 Sic
259 3457 314 3512 Gn.
331 3457 385 3510 lte.
406 3458 500 3528 antiq.
520 3456 602 3510 liom.
622 3456 718 3528 Long.
737 3461 767 3510 ct
784 3461 852 3510 cett.
871 3455 1061 3529 ausetani»,
1082 3456 1133 3526 qui

70 3553 102 3598 tte
120 3543 246 3612 scripsit.
265 3573 299 3584 -
309 3544 484 3612 joetmeuter.
501 3541 577 3593 Meri.
595 3539 823 3608 additstecttilee.

141 3627 168 3696 ἦ.
186 3631 212 3682 2.
249 3625 351 3694 effusis.
388 3623 442 3676 (iu.
462 3623 534 3677 Git:
553 3623 641 3691 effusi.
658 3654 692 3664 —
714 3644 795 3695 neque
808 3631 872 3697 geel
889 3645 903 3678 e
919 3620 1060 3694 republica.
1085 3620 1133 3673 Sic

74 3710 172 3764 bamb.
191 3725 275 3780 seqq.
293 3739 327 3750 -
346 3705 399 3760 liu.
420 3705 477 3760 eit.
496 3705 629 3760 Mendes.
646 3707 732 3760 Voss.
752 3707 784 3762 G.
804 3707 881 3761 Meti.
897 3711 923 3762 2.
943 3705 996 3760 Ecl.
1015 3723 1043 3774 p.
1063 3721 1085 3758 a.
1105 3721 1130 3760 a.

72 3797 162 3850 Corn.
181 3792 263 3846 Brix.
283 3793 390 3861 antiq:
408 3809 488 3861 neque
505 3809 520 3842 e
536 3787 676 3860 republica.
693 3819 728 3832 -
745 3789 830 3844 Voss.
846 3791 887 3848 A:
903 3808 984 3860 neque
1001 3808 1045 3841 ere
1056 3808 1088 3864 p.
1100 3817 1134 3831 ·-

72 3877 155 3931 beiti.
172 3879 204 3931 2:
228 3895 308 3947 sepite
324 3874 465 3946 republica.
487 3903 521 3914 -
545 3871 622 3926 Metl-
643 3874 672 3928 l:
696 3893 775 3946 neque
796 3893 840 3926 ret
859 3879 922 3944 geri
938 3880 993 3926 sine
1009 3872 1134 3944 periculo.

72 3989 106 4002 -
126 3959 180 4012 Ed.
197 3959 272 4020 Ven.
290 3959 400 4030 Long.':
422 3977 506 4029 neque·
518 3955 683 4028 republicae.

143 4041 170 4111 §-
188 4045 215 4098 3.
243 4062 337 4114 praes.
372 4041 454 4096 Lcid.
470 4045 497 4096 2.
516 4056 574 4093 cm.
591 4069 626 4081 -
645 4059 773 4111 manceps.
791 4039 872 4094 Lcltl.
895 4041 926 4094 2:
944 4045 1082 4111 mancipes.
1100 4068 1133 4080 -

65 4125 163 4194 suctus
180 4133 229 4178 est.
252 4125 384 4180 Mendes.
404 4124 456 4179 llil.
476 4125 568 4193 antiq.
587 4123 668 4179 lens.
689 4127 764 4182 ttte.
785 4125 872 4180 Corn.
892 4124 965 4196 Arg.
984 4123 1068 4178 Pan:
1085 4119 1136 4190 sa-
