2816 4682
337 273 440 332 XXV.
481 273 518 333 Τ.
536 239 730 353 Pumputtius
751 279 884 336 Atticus.
1084 281 1143 342 Ἦ

76 415 281 490 memorem?
298 442 383 492 eum
404 424 469 493 hee
491 429 597 512 ipsum
620 447 700 494 vere
722 426 910 513 gloriantem
933 429 1090 500 audierim
1109 435 1141 501 in

75 523 188 591 iuuere
221 526 331 591 mattis
364 547 463 602 suae,
501 547 598 612 quam
633 527 743 594 extulit
773 548 928 595 armerum
961 537 1140 623 nonaginta,

73 645 150 691 eum
170 637 263 692 esset
284 639 414 712 septem
436 634 470 691 et
486 629 660 713 sexaginta,
682 649 720 694 se
743 649 917 717 numquam
940 651 1013 699 eum
1034 648 1136 706 matre

72 728 105 793 iu
134 727 269 816 gratiam
297 726 438 805 redisse,
465 749 640 817 numquam
667 752 742 798 eum
769 751 883 797 serere
910 731 1008 803 fuisse
1035 737 1067 799 in
1094 740 1136 802 si-

69 829 221 906 multate,
247 848 344 916 quam
371 847 475 917 propa
504 832 674 918 aequalem
701 830 850 897 habebat
893 833 987 910 Quod
1017 847 1068 901 est
1094 839 1169 904 sia

67 952 173 1018 guum
195 940 250 996 aut
270 930 390 996 nullam
411 953 555 1019 uuquam
581 935 671 1002 inter·
684 955 743 1000 ees
765 934 1019 1022 quaerimuuiam
1041 938 1136 1005 inter-

68 1033 219 1100 cessisse
238 1043 294 1098 aut
315 1033 401 1100 hune
422 1054 463 1100 ea
485 1035 585 1101 fuisse
608 1035 639 1100 in
661 1055 739 1100 suos
762 1034 965 1124 induigentia,
986 1049 1028 1117 ut,
1051 1059 1135 1128 quas

68 1155 185 1202 amara
207 1133 360 1214 deberat,
382 1136 476 1220 irasei
499 1138 547 1204 eis
570 1137 662 1203 nefas
684 1137 826 1204 dueeret
869 1139 984 1228 Neque
1006 1140 1038 1208 id
1060 1142 1170 1210 facita

68 1248 186 1306 natura
207 1236 325 1313 sulum,
353 1259 548 1326 quamquam
570 1259 685 1305 omues
707 1241 737 1304 ei
760 1260 926 1326 paremus,
954 1241 1016 1307 sad
1038 1243 1136 1322 etiam

68 1339 227 1406 doctrina.
269 1340 350 1406 Nam
372 1353 406 1405 et
426 1340 609 1427 principum
629 1339 895 1426 philosopherum
913 1343 956 1408 ita
977 1355 1134 1432 percepta

68 1443 184 1509 habuit
204 1452 390 1530 praeeapta,
411 1452 448 1506 ut
466 1443 505 1507 iis
527 1442 680 1509 advitam
697 1440 865 1529 agendam,
886 1462 950 1508 uon
968 1442 1010 1509 ad
1027 1454 1135 1510 ostan-

69 1544 225 1612 maionem
245 1551 397 1610 uteretur.

158 1645 233 1733 Cap.
254 1647 353 1712 xvffl.
396 1647 492 1712 Meris
515 1646 611 1714 atiaru
638 1647 796 1734 majarum
825 1666 970 1712 summus
996 1645 1166 1716 imitatorl

68 1749 128 1816 suit
147 1748 406 1836 antiquitatisque
419 1759 566 1815 amatur:
595 1767 693 1836 quam
720 1747 805 1814 adeo
834 1747 1003 1837 diligenter
1024 1747 1134 1814 habuit

67 1851 241 1940 cognitam,
262 1860 297 1916 ut
317 1871 392 1916 eam
415 1860 513 1917 totam
535 1849 571 1932 iu¹
588 1872 630 1918 ee
653 1849 814 1917 volumina
837 1850 1038 1940 exposuerit,
1065 1867 1132 1938 quo

68 1955 273 2042 magistratus
302 1954 432 2020 ornavit
479 1952 571 2019 Nulla
598 1951 681 2018 enim
709 1951 764 2019 lex
790 1973 898 2042 nequa
932 1975 997 2042 pax
1021 1972 1167 2041 nequen

67 2056 192 2124 bellum
214 2075 322 2144 neque
344 2076 399 2120 res
429 2054 557 2121 iilustris
580 2043 631 2120 est
651 2055 762 2142 populi
784 2053 932 2131 Romani,
960 2075 1045 2146 quae
1067 2075 1133 2120 nun

69 2159 101 2224 in
126 2180 167 2224 eo
190 2179 249 2224 sue
273 2167 419 2246 tempore
443 2158 481 2222 sit
502 2167 610 2224 notata
632 2167 676 2234 et,
705 2155 793 2246 qued
821 2153 1039 2222 difficillimum
1068 2155 1132 2236 suit,

68 2262 121 2329 sie
141 2258 330 2328 familiarum
351 2258 507 2347 originem
528 2258 698 2336 subtexuit,
721 2270 755 2324 ut
777 2279 818 2328 ex
840 2278 881 2324 eo
905 2257 1064 2326 claretum
1086 2258 1132 2324 vi-

68 2381 180 2430 rorum
202 2361 398 2449 propagines
418 2361 581 2450 possimus
602 2379 813 2447 eagnesuara.
850 2361 938 2429 Fecit
959 2359 1022 2428 hee
1044 2359 1165 2427 tuens

68 2463 246 2552 separatim
269 2463 299 2526 in
322 2463 391 2528 aliis
413 2463 518 2542 libris,
541 2475 574 2527 ut
595 2465 632 2528 M.
653 2463 738 2528 Bruti
760 2471 875 2549 rogatu
897 2461 1020 2528 iunium
1043 2459 1132 2526 iami-

69 2565 147 2632 lium
169 2585 189 2630 a
210 2565 308 2653 stirpe
332 2565 372 2632 ad
396 2563 478 2634 hune
509 2573 648 2632 aetatem
676 2563 789 2632 ordine
813 2562 1049 2630 enumeraverit
1075 2583 1133 2630 nu-

69 2805 105 2858 G.
127 2801 180 2854 Ed.
206 2817 235 2870 p.
257 2804 331 2855 1170.
350 2805 459 2868 paster.
480 2805 554 2868 etp.
572 2817 594 2852 s.
614 2815 640 2852 a.
661 2799 872 2854 Pamisum·
891 2798 999 2851 recitem.
1016 2796 1130 2850 stetin.

67 2885 304 2954 -Ed.auti‹1.,
327 2901 354 2952 p.
377 2885 449 2938 1170.
471 2885 558 2937 eom.
568 2883 659 2950 ssrix.
679 2883 752 2954 Arg.
778 2883 872 2936 Paris.
896 2880 991 2952 Long.
1016 2880 1131 2932 Lanatus

68 2972 188 3023 redum.
206 2999 241 3010 -
258 2969 400 3039 nequedum.
429 2967 478 3019 sta
498 2968 551 3019 Gra.
572 2967 628 3018 Gis.
648 2967 779 3018 Mendes.
801 2966 880 3020 Laid.
892 2971 919 3020 2.
938 2965 1024 3018 V'oss.
1043 2965 1078 3016 A.
1097 2964 1131 3017 G.

69 3055 126 3108 Ed.
149 3070 178 3122 p.
196 3069 219 3106 s.
239 3067 266 3106 a.
282 3052 382 3108 humb.
402 3051 513 3103 Seirott.
532 3079 566 3090 -
589 3049 642 3102 Ed.
662 3068 690 3118 p.
712 3055 790 3106 itio:
810 3056 921 3104 «tantem
939 3049 1080 3118 aequatem.
1098 3073 1133 3088 --

69 3139 155 3192 Rom.
174 3137 248 3191 Veu.
267 3137 363 3207 Leug.
381 3135 506 3188 Manae:
525 3142 610 3186 aetate
629 3136 769 3204 aequalem.

138 3221 166 3290 ἕ.
185 3226 212 3277 2.
247 3228 356 3293 signum.
389 3219 452 3271 Ed:
461 3236 489 3286 p.
508 3235 531 3270 s.
551 3234 588 3286 a,
607 3218 712 3285 antisp,
729 3218 808 3270 teus.
829 3219 910 3272 1478:
929 3222 954 3268 ia
971 3221 1081 3287 signent.
1100 3243 1133 3254 -

69 3325 180 3379 amquam
206 3306 290 3358 Voss.
311 3305 348 3357 0:
365 3321 497 3374 numam.
515 3331 550 3343 -
567 3303 639 3352 Ιιιιιε.
659 3302 711 3353 Ed.
730 3317 758 3368 p.
778 3317 800 3353 s.
821 3315 847 3352 a.
867 3315 924 3353 eru.

140 3390 166 3458 ἕ.
188 3394 214 3446 3.
250 3388 345 3442 habat.
385 3387 434 3441 Sie
460 3387 548 3440 etiam
573 3386 627 3438 tiu.
651 3384 782 3438 Mendes.
808 3384 847 3436 al.
866 3415 900 3423 -
925 3384 976 3435 aa.
997 3389 1039 3451 ps
1057 3382 1131 3437 11711.

71 3477 182 3546 Longa
206 3473 341 3525 teneras.
368 3499 402 3512 —-
426 3477 466 3524 tte.
498 3471 548 3522 Sie
567 3469 650 3523 Voss.
671 3470 704 3532 Α.
725 3468 758 3522 G.
786 3466 917 3522 Mendes.
942 3499 976 3510 —
1000 3467 1052 3520 Gn.
1079 3465 1133 3518 111.

71 3559 157 3612 liam.
177 3557 251 3609 ven.
271 3555 381 3628 Longu:
399 3555 449 3606 itin.

499 3635 570 3702 Cap.
592 3635 705 3689 XVffl.

141 3725 167 3793 §-
186 3726 210 3778 1.
245 3725 378 3774 volumine.
410 3719 494 3772 Voss.
513 3719 552 3772 C:
569 3723 728 3771 valentiorum.
745 3747 778 3759 -
796 3726 906 3772 ornauit.
924 3718 973 3770 sie
991 3713 1084 3772 Gotld.
1103 3716 1134 3766 et

72 3809 146 3864 1111ιί.
165 3835 199 3847 -
216 3805 302 3859 Voss.
322 3811 352 3858 rt
369 3803 472 3856 aaran.
491 3800 580 3869 sunja
597 3804 734 3853 ordtnartt.

139 3887 168 3960 g.
183 3893 209 3946 3.
242 3899 279 3939 ut.
314 3889 367 3940 Ed.
384 3887 464 3939 leus.
485 3889 559 3940 1478.
580 3885 661 3938 Brix.
680 3885 775 3937 Paris.
794 3893 821 3935 et
839 3899 894 3938 eru.
916 3915 945 3924 -
964 3884 1069 3934 Jnnmm
1080 3876 1132 3946 su·

71 3979 179 4028 mittum.
203 3973 279 4026 meu.
299 3977 326 4027 l:
345 3987 498 4024 summarum
507 3967 676 4036 familiarum
694 3987 711 4018 a
727 3975 810 4038 stirpe
828 3968 863 4016 ml
879 3966 945 4016 hune
963 3973 1072 4014 rietatem
1091 3981 1135 4013 ur-

72 4063 159 4112 diaem
186 4062 380 4110 enumeraverit.
409 4081 442 4096 --
469 4058 662 4105 enttmeruuerit.
681 4052 747 4104 ‘Sic
772 4052 824 4103 (iu.
854 4049 931 4102 tiled.
953 4053 976 4102 1.
1008 4047 1087 4100 Leiti.
1108 4052 1135 4102 2.

73 4143 162 4197 Voss.
183 4144 216 4194 Α.
236 4142 268 4195 C.
295 4131 398 4208 Utraq.
429 4153 472 4206 pr.
496 4137 588 4206 antiq.
619 4135 698 4191 tens.
721 4137 795 4192 1178.
823 4135 911 4188 Cera.
936 4134 1009 4205 Arg.
1039 4129 1135 4202 Leug.
